4240 5512
873 398 1170 472 ὓ.-6,.-

314 603 362 674 At
384 623 467 684 quos
496 623 563 664 non
590 601 739 682 ipsorum
768 620 867 664 eausa
894 599 996 664 libros
1025 599 1182 683 legimus,
1207 621 1322 664 eorum
1344 624 1411 666 non
1434 625 1557 686 paucos
1580 616 1718 687 propter
1741 627 1809 669 me-

226 721 348 784 liorum
377 720 578 802 scriptorum
605 719 749 784 frustula
776 741 860 802 quae
886 717 993 783 ineis
1020 719 1127 783 latent
1161 740 1199 783 eo
1231 718 1425 802 diligentius
1452 730 1716 803 perscrutamur,
1745 745 1810 806 quo

228 837 400 902 miseriore
423 836 515 904 clade
542 838 674 920 integra
696 859 798 920 opera
823 838 957 902 illorum
985 837 1082 902 hodie
1105 837 1327 921 deperierunt
1372 839 1483 921 Atque
1507 840 1593 922 quod
1615 842 1650 904 in
1673 842 1809 907 nniver-

230 979 305 1022 sum
327 965 459 1021 constat
487 955 635 1022 Graecos
662 957 699 1020 in
726 957 829 1022 variis
857 965 891 1020 et
917 957 1105 1021 litterarum
1134 963 1168 1020 et
1194 957 1317 1021 artium
1344 958 1522 1040 generibus
1551 979 1634 1041 quae
1663 961 1811 1026 colerent

230 1097 333 1140 unum
362 1076 417 1142 vel
445 1096 568 1158 paucos
596 1097 725 1158 quaque
753 1083 823 1140 arte
850 1077 885 1138 in
917 1077 1035 1158 primis
1069 1076 1272 1140 excellentes
1305 1076 1456 1140 homines
1485 1077 1640 1159 elegisse,
1670 1100 1810 1160 quorum

230 1195 383 1278 exempla
405 1202 443 1258 ut
465 1197 612 1278 perfecta
634 1194 875 1277 quodammodo
892 1201 925 1258 et
940 1194 1092 1258 absoluta
1111 1195 1378 1258 imitarentur-
1397 1196 1488 1259 velut
1503 1197 1697 1272 Homerum,
1714 1209 1808 1278 quot-

230 1325 311 1395 quot
338 1315 423 1396 epici
455 1321 572 1396 poetae
605 1315 791 1378 extiterunt
823 1335 882 1396 per
910 1313 1090 1376 multorum
1120 1313 1327 1376 saeculorum
1357 1315 1501 1396 spatium
1530 1315 1571 1377 ad
1597 1316 1814 1411 Nonnianam

228 1455 334 1516 usque
350 1442 493 1498 aetatem
510 1434 668 1497 aemulati
684 1445 763 1496 sunt
780 1454 895 1496 omues
913 1454 966 1495 -κε
989 1431 1021 1494 id
1038 1452 1136 1513 quam
1155 1431 1299 1495 maxime
1316 1431 1455 1513 quadrat
1470 1433 1505 1495 in
1521 1441 1626 1497 artem
1643 1455 1807 1516 gramma-

228 1553 342 1630 ticam,
366 1573 449 1634 quae
473 1573 548 1617 eum
570 1560 740 1634 postrema
762 1572 823 1615 nec
846 1561 958 1616 tamen
987 1571 1061 1614 sero
1083 1551 1119 1613 in
1142 1551 1251 1614 lucem
1273 1550 1462 1633 prodiisset,
1483 1551 1558 1634 ipsa
1580 1547 1715 1634 quoque
1733 1575 1808 1636 per-

227 1674 315 1737 fecta
341 1673 375 1734 in
400 1693 459 1736 suo
488 1691 611 1754 genere
639 1671 717 1734 tulit
744 1671 887 1752 ingenia.
933 1671 1084 1751 Quorum
1112 1669 1261 1752 integros
1288 1668 1391 1734 libros
1414 1670 1571 1752 qnoniam
1599 1670 1714 1736 invida
1736 1693 1810 1736 sors

227 1791 322 1854 nobis
345 1789 499 1865 detraxit,
523 1811 658 1854 servum
680 1789 887 1852 imitatorum
904 1789 1023 1852 saltem
1046 1809 1148 1870 pecus
1170 1789 1267 1853 nobis
1289 1789 1433 1871 reliquit,
1458 1811 1598 1870 quorum
1616 1811 1658 1853 ex
1681 1791 1810 1855 horreis

228 1909 426 1990 antiquioris
455 1908 625 1973 doctrinae
658 1907 819 1990 reliquiae
847 1907 942 1971 velut
969 1907 1126 1972 disiectae
1154 1907 1304 1971 membra
1333 1913 1462 1972 statuae
1491 1908 1740 1991 colligerentur:
1774 1911 1809 1973 in

229 2028 348 2110 quibus
367 2036 528 2110 quantum
543 2027 650 2092 bonae
665 2028 772 2110 frugis
787 2027 916 2102 lateret,
939 2033 977 2090 ut
993 2041 1102 2091 catera
1124 2027 1398 2108 praetermittam,
1414 2047 1522 2110 nuper
1537 2028 1668 2111 experti
1683 2049 1807 2120 sumus,

229 2169 303 2211 cum
326 2148 506 2229 praeclaris
529 2147 675 2230 Augusti
698 2147 829 2210 Lentaii
853 2146 971 2210 studiis
995 2145 1178 2210 Herodiani
1200 2146 1320 2210 merita
1341 2167 1429 2210 nova
1452 2145 1593 2228 quadarn
1615 2147 1689 2213 luce
1713 2147 1807 2212 efful-

229 2267 416 2349 gescebant.
461 2267 511 2330 Ac
540 2267 567 2330 si
595 2289 662 2330 non
685 2287 800 2330 omnes
828 2273 971 2348 possunt
993 2285 1067 2329 esse
1090 2265 1287 2340 Heredium,
1312 2287 1451 2348 quorum
1474 2265 1602 2348 ingenii
1624 2267 1659 2330 vi
1680 2268 1715 2330 in
1740 2267 1808 2330 sin-

229 2386 315 2469 gulis
332 2385 414 2449 artis
429 2385 580 2468 partibus
597 2407 703 2450 novae
719 2386 794 2450 viae
811 2385 953 2468 posteris
968 2383 1204 2466 ingrediendae
1220 2383 1428 2466 detegantur,
1453 2390 1564 2450 tamen
1581 2406 1623 2448 ne
1640 2385 1808 2450 minorum

228 2505 360 2587 quidem
383 2503 675 2589 grammaticorum
699 2505 823 2588 scripta
846 2504 981 2568 omnino
998 2502 1204 2585 neglegenda
1226 2509 1318 2568 sunt:
1342 2525 1385 2568 ex
1408 2503 1527 2584 quibus
1543 2504 1701 2588 Dionysii
1724 2525 1808 2588 quae

227 2633 365 2690 vocatur
387 2625 604 2707 grammatica
627 2624 819 2689 criticorum
843 2623 962 2689 studiis
978 2621 1175 2705 dignissima
1190 2628 1250 2698 est,
1274 2621 1360 2704 quod
1383 2627 1417 2686 ct
1440 2622 1522 2686 artis
1546 2619 1712 2688 elementa
1733 2623 1808 2688 bre-

226 2745 312 2808 viter
335 2751 368 2807 et
383 2751 535 2808 accurate
551 2742 718 2826 descripta
739 2744 889 2808 eontinet
904 2743 1050 2825 adeoque
1072 2741 1297 2805 recentiorum
1314 2741 1424 2804 studia
1439 2741 1610 2819 excitavit,
1633 2749 1671 2807 ut
1692 2743 1809 2807 multis

225 2862 331 2926 modis
355 2871 451 2926 aucta
474 2869 508 2927 et
530 2862 734 2946 amplificata
756 2884 816 2945 per
840 2862 972 2927 saecula
994 2868 1176 2944 propagata
1199 2860 1251 2925 sit.

328 2983 482 3064 Denique
495 3004 536 3045 ne
549 2982 632 3045 illud
639 2982 772 3064 quidem
779 2981 1114 3064 praetermittendum
1126 2979 1267 3057 videtur,
1275 3001 1340 3063 qua
1351 2981 1480 3046 ratione
1492 2988 1645 3045 veterum
1657 2979 1810 3044 doctrina

228 3123 248 3165 a
269 3101 465 3185 posterioris
494 3102 654 3184 temporis
683 3101 902 3184 scriptoribus
925 3108 1060 3183 recepta
1082 3100 1172 3163 etin
1196 3100 1315 3164 aetatis
1338 3121 1436 3165 usum
1459 3119 1621 3164 conversa
1644 3099 1701 3162 sit:
1730 3119 1808 3162 nam

227 3241 299 3285 cum
325 3221 480 3302 antiquae
502 3221 634 3300 litterae
657 3210 765 3284 me'dio
789 3241 872 3286 aevo
900 3221 1075 3284 interiecto
1098 3217 1195 3283 nobis
1218 3218 1359 3313 traditae
1383 3219 1450 3283 sint
1478 3225 1512 3284 et
1539 3239 1578 3282 ea
1600 3218 1674 3300 ipsa
1700 3224 1809 3281 aetate

229 3339 351 3403 multas
380 3347 414 3404 et
436 3339 526 3403 vices
555 3347 589 3402 et
615 3340 760 3403 iacturas
795 3337 970 3415 subierint,
1006 3337 1212 3420 singularum
1235 3337 1488 3420 disciplinarum
1521 3337 1661 3401 historia
1694 3336 1809 3400 critica

227 3464 299 3521 tum
327 3457 460 3522 demum
487 3463 576 3522 reete
610 3456 774 3523 e'onscribi
806 3459 943 3541 poterit,
977 3478 1052 3521 cum
1081 3456 1346 3539 Byzantinorum
1372 3456 1545 3520 hominum
1574 3453 1696 3527 studia,
1725 3474 1809 3534 quae

227 3577 417 3640 etiamnunc
441 3576 589 3641 tenebris
613 3577 719 3640 offusa
741 3577 865 3651 iacent,
900 3576 1039 3640 clariore
1067 3576 1141 3640 luce
1173 3575 1342 3639 illustrata
1376 3582 1481 3639 erunt.
1528 3573 1631 3638 Cuius
1659 3572 1808 3636 muneris

228 3695 565 3777 quantulamcumque
588 3703 718 3778 partem
742 3695 771 3759 si
794 3701 929 3760 strenue
945 3695 1129 3769 absolvero,
1152 3716 1194 3758 ne
1219 3715 1374 3776 asperum
1390 3693 1522 3774 quidem
1545 3689 1607 3755 hoe
1624 3689 1809 3755 studiorum

226 3834 331 3897 genus
360 3835 413 3877 me
441 3815 592 3896 attigisse
620 3813 818 3897 paenitebit,
847 3813 1069 3896 Quintilianei
1097 3813 1188 3877 illius
1217 3812 1256 3877 de
1284 3815 1358 3896 ipsa
1386 3819 1457 3876 arte
1484 3811 1702 3894 grammatica
1730 3809 1809 3874 dicti

227 3932 315 3998 haud
340 3935 583 3998 immemorem:
627 3955 705 3998 non
734 3934 897 3998 obstant
929 3933 1001 3998 hac
1028 3932 1271 4016 disciplinae
1298 3953 1368 4014 per
1399 3930 1493 3994 illas
1522 3929 1712 3994 euntibus
1741 3926 1808 3992 sed

229 4051 337 4116 circa
357 4052 453 4118 illas
476 4053 746 4118 haerentibus.
