4240 5512
995 547 1342 658 v—-23—

490 749 616 832 Incipit
638 757 751 815 autem
774 756 874 832 eaput
895 750 1054 832 primum:
1094 746 1241 814 Ἕκαστον
1269 756 1327 814 τῶν
1350 749 1379 834 η’
1407 757 1459 814 τοῦ
1487 750 1578 834 λόγου
1602 756 1699 836 μερῶν
1720 747 1797 816 ’κατὰ
1820 749 1996 835 συνθήκηνῦ

389 861 550 947 ἐφεόρηται
583 863 632 925 καί
664 860 684 943 ή
719 861 821 924 οὐσίαν
856 863 991 944 σημαίνει
1018 863 1037 945 ή
1065 862 1117 944 τὴν
1145 862 1175 924 ἐν
1205 861 1282 944 αὐτῇ
1308 861 1449 926 διάθεσιν.
1487 863 1536 926 καὶ
1562 863 1588 926 εἰ
1623 863 1760 945 σημαίνει
1794 862 1909 938 οἰισίοιν,
1948 861 1967 942 ἢ

391 973 465 1056 μετὰ
486 972 644 1056 ποιότητος
667 974 802 1058 σημαίνει
824 971 843 1053 ἢ
866 973 960 1056 χωρὶς
981 971 1148 1057 ποιότητος.
1176 975 1225 1034 καὶ
1252 973 1353 1054 εἰμὲν
1377 973 1472 1056 χωρὶς
1493 972 1662 1056 ποιότητος,
1691 971 1802 1056 ἔχομεν
1825 973 1856 1035 ἓν
1881 973 1969 1055 μέρος

389 1081 482 1164 λόγου
499 1083 514 1144 δ
530 1081 645 1167 λέγεται
661 1083 838 1165 ἀντωνυμία.
863 1080 973 1144 ἔστιδὲ
994 1082 1206 1164 ἀντωνυμία
1228 1081 1303 1152 λέξις
1327 1083 1389 1145 ἀντὶ
1413 1081 1558 1164 δνόματος
1580 1083 1875 1168 παραλαμβανομένη
1898 1105 1967 1166 προ-

352 1192 499 1255 5σώπων
515 1193 685 1277 ὡρισμένων
702 1193 860 1274 δηλωτική.
885 1193 943 1275 οὐχ
959 1194 1000 1262 ῶς
1023 1195 1108 1254 δοκεῖ
1128 1193 1164 1276 δή
1187 1211 1260 1254 τισιν
1286 1192 1397 1274 ἀληθὲς
1418 1193 1452 1252 τδ
1468 1193 1520 1275 τὴν
1537 1192 1723 1274 ἀντωνυμίαν
1748 1193 1800 1256 σὺν
1821 1198 1860 1274 τῇ
1884 1192 1969 1273 οὐσίᾳ

389 1303 439 1365 καὶ
462 1301 607 1387 ποιότητα
630 1305 748 1386 δηλοῦν.
774 1301 939 1381 [ἀπόδειξις
961 1303 1144 1386 ἀντωνυμίας
1167 1301 1243 1387 άλλη
1266 1306 1319 1364 τοῦ
1344 1301 1516 1384 ὀνόματος]
1562 1300 1613 1366 Τὰ
1636 1303 1697 1386 μὲν
1720 1304 1784 1386 γὰρ
1809 1301 1969 1383 ὀνόματα
1995 1293 1996 1296 “

390 1413 561 1496 σημαίνει
586 1413 711 1476 οὐσίαν
734 1413 793 1476 καὶ
815 1411 996 1496 ποιότητα
1020 1414 1068 1476 διὰ
1089 1417 1143 1495 τῆς
1165 1416 1278 1497 φωνῆς,
1302 1412 1321 1493 ἡ
1346 1413 1383 1474 δέ
1406 1410 1475 1474 όσον
1490 1411 1568 1474 κατὰ
1587 1413 1688 1498 φωνὴν
1713 1411 1819 1495 μόνον
1844 1411 1969 1476 οὐσίαν

389 1523 574 1608 σημαίνει,
603 1523 630 1584 εἰ
654 1521 729 1608 (ήίή
750 1524 800 1585 καὶ
822 1527 1003 1608 φανεροῦται
1026 1525 1045 1606 ἡ
1067 1521 1190 1608 ποιότης
1213 1521 1264 1585 διδ
1285 1526 1337 1604 τῆς
1360 1523 1488 1593 δείξεως·
1512 1523 1575 1584 ἐπεὶ
1597 1526 1693 1586 πάσα
1717 1522 1926 1605 ἀντωνυμία
1948 1521 1967 1602 ή

389 1634 553 1716 δεικτική
581 1635 675 1697 ἐστιν
703 1634 722 1717 ἢ
750 1633 964 1718 ἀναφορική.
993 1632 1034 1696 ἔτι
1062 1633 1132 1696 εἰσὶν
1162 1633 1296 1716 ὀνόματα
1329 1632 1429 1696 οὐσίαν
1464 1633 1645 1716 σημαίνοντα
1672 1633 1720 1695 καί
1747 1631 1891 1714 ποιότητα
1918 1633 1968 1693 καί

338 1741 378 1806 10
392 1745 443 1812 τὰς
471 1743 578 1814 λοιπάς
603 1747 661 1806 τῶν
690 1719 884 1828 κατηγοριῶν,
914 1743 1100 1825 ἀντωνυμίαν
1126 1745 1159 1807 δὲ
1187 1744 1257 1807 οῦδὲ
1283 1744 1351 1826 μίαν
1380 1743 1489 1827 ἔχομεν
1512 1743 1713 1829 σημαίνουσαν
1733 1743 1767 1805 τδ
1789 1748 1847 1806 τῶν
1867 1742 1967 1805 ἀλλων

388 1857 571 1939 κατηγοριῶν
594 1855 672 1938 πλὴν
696 1853 813 1922 οόσίας·
837 1855 914 1916 ῶστε
936 1855 963 1916 εἰ
988 1857 1039 1938 μὲν
1061 1857 1153 1939 χωρὶς
1168 1854 1326 1940 ποιότητος
1341 1853 1452 1938 ἔχομεν
1468 1855 1520 1936 τὴν
1538 1855 1736 1937 ἀντωνυμίαν,
1760 1855 1786 1918 εἰ
1810 1854 1842 1916 δέ
1865 1853 1968 1918 οὐσίαν

389 1965 465 2046 μετὰ
486 1964 644 2048 ποιότητος
666 1963 776 2048 ἔχομεν
799 1965 834 2027 τδ
857 1961 960 2048 ὄνομα.
995 1967 1021 2028 εἰ
1045 1965 1069 2029 δ’
1098 1965 1135 2029 αῦ
1158 1966 1245 2029 πάλιν
1267 1966 1287 2047 ή
1311 1965 1396 2051 φωνή
1420 1965 1556 2048 σημαίνει
1576 1964 1679 2033 οόσίας
1702 1962 1869 2047 διάθεσινή
1892 1965 1967 2048 ἐνέρ-

387 2097 467 2157 γειαν
491 2078 630 2158 σώματος
651 2073 787 2160 ήψυχής
810 2075 942 2140 διάθεσιν
966 2075 1036 2139 ἀνευ
1059 2080 1201 2145 πτώσεως
1222 2075 1453 2160 κεχωρισμένης,
1477 2073 1589 2158 ἔχομεν
1616 2075 1650 2137 τδ
1674 2075 1765 2159 ῥήμα.
1788 2073 1808 2156 ἢ
1832 2075 1968 2159 σημαίνει

388 2185 491 2248 οὐσίαν
515 2187 564 2249 καὶ
588 2185 721 2248 διάθεσιν
744 2185 821 2249 κατὰ
843 2185 932 2250 ταότδ
955 2189 1005 2250 καί
1027 2189 1175 2280 ποιεῖτὴν
1192 2187 1332 2272 μετοχήν·
1355 2186 1374 2270 ἢ
1395 2187 1534 2271 ’σημαίνει
1552 2186 1706 2270 ἀναφοράν
1722 2209 1788 2248 τινα
1802 2207 1967 2271 προεγνωσ-

331 2293 371 2356 15
388 2295 477 2377 μένου
500 2297 672 2380 πράγματος
695 2299 920 2380 συναρτώμενον
944 2296 1033 2378 μόνον
1048 2302 1110 2366 τοῖς
1126 2301 1282 2366 πτωτικοῖς
1296 2299 1347 2360 καί
1364 2299 1446 2362 ποιεῖ
1459 2295 1578 2382 ἄρθρον.
1602 2297 1652 2358 καὶ
1675 2295 1809 2380 ἄρθρον
1833 2296 1884 2381 μέν
1906 2299 1967 2360 ἐστι

389 2408 477 2490 μέρος
499 2405 590 2491 λόγου
613 2407 759 2470 πτωτικόν
781 2406 1021 2491 προτασσόμενον
1044 2414 1097 2492 τῆς
1122 2410 1247 2478 κλίσεως
1270 2408 1426 2490 όνομάτων
1449 2409 1499 2471 καί
1523 2406 1773 2489 ὑποτασσόμενον·
1798 2404 1912 2489 όνομα
1936 2408 1967 2469 δὲ

389 2516 478 2602 μέρος
504 2517 596 2600 λόγου
623 2518 767 2582 πτωτικόν
791 2522 879 2599 σῶμα
900 2519 920 2602 ή
943 2523 1064 2604 πρᾶγμα
1087 2523 1229 2603 σημαῖνον
1253 2523 1358 2586 κοινῶς
1380 2541 1412 2581 τε
1434 2519 1484 2581 καί
1507 2517 1589 2588 ἰδίως
1611 2516 1781 2602 λεγόμενον·
1809 2519 1968 2600 καὶσῶμα

389 2628 440 2710 μέν
468 2628 529 2691 ἐστι
556 2630 591 2690 τὸ
619 2633 705 2713 τριχῆ
734 2628 902 2692 διαστατόν·
932 2633 1027 2713 μῆκος
1057 2632 1170 2699 πλάτος
1199 2630 1301 2716 βάθος·
1329 2634 1451 2715 πρᾶγμα
1478 2630 1511 2693 δέ
1539 2631 1554 2692 δ
1584 2629 1665 2713 μόνῳ
1698 2635 1743 2714 νῷ
1769 2630 1819 2693 καί
1852 2631 1968 2712 διανοίη

387 2741 498 2800 νοεῖται
520 2739 709 2823 θεωρητικῶς
725 2738 963 2825 λαμβανόμενον.
987 2742 1029 2810 ῶς
1050 2740 1172 2823 ,λόγοςή
1196 2740 1364 2825 ,εόσέβειαῆ
1393 2739 1435 2804 ἔτι
1459 2741 1558 2825 ῥῆμά
1573 2741 1634 2803 ἐστι
1657 2741 1745 2824 μέρος
1760 2739 1850 2823 λόγου
1872 2737 1967 2802 ἄπτω-

330 2843 373 2908 20
387 2871 438 2912 τον
461 2850 491 2913 ἐν
515 2849 598 2918 ἰδίοις
622 2848 917 2935 μετασχηματισμοῒς
940 2850 1104 2937 διαφόρους
1125 2851 1251 2934 χρόνους
1274 2854 1383 2936 δηλοῦν
1408 2849 1472 2934 μετ’
1498 2851 1644 2936 ἐνεργείας
1663 2849 1683 2932 ἢ
1705 2850 1824 2920 πάθους
1844 2850 1864 2933 ἢ
1888 2849 1968 2913 οῦδε-

384 2959 484 3043 τέροο,
512 2957 556 3022 ἔτι
578 2962 745 3044 προσώπων
769 2961 959 3044 σημαντικόν,
984 2959 1034 3023 ότε
1055 2962 1104 3024 καὶ
1127 2965 1227 3046 ψυχῆς
1250 2962 1396 3030 διαθέσεις
1419 2963 1514 3044 δηλοῖ.
1538 2960 1666 3024 αἰιτόθεν
1689 2961 1723 3023 τδ
1746 2963 1799 3042 τῆς
1822 2959 1969 3043 ἰδιότητος

385 3069 508 3148 τούτων,
531 3071 610 3153 λέγω
628 3069 759 3153 ὀνόματα
774 3073 823 3134 καὶ
841 3074 969 3158 ῥήματα,
994 3073 1142 3156 μετασχὸν
1158 3072 1296 3155 μετοχὴ
1313 3071 1492 3154 ὠνόμασται.
1516 3069 1559 3134 ἐτι
1575 3069 1594 3152 ή
1611 3074 1700 3155 δηλοῖ
1711 3072 1764 3142 τὰς
1778 3071 1968 3155 προσωπικάς

386 3181 435 3243 καὶ
457 3179 595 3266 κτητικάς
617 3181 742 3264 σχέσεις,
768 3181 983 3267 ἀποπληροῦσα
1004 3183 1056 3265 τὴν
1080 3181 1211 3267 ἔλλειψιν
1227 3186 1285 3246 τῶν
1303 3181 1567 3264 ,ἀπολελειμμένων
1590 3181 1732 3268 ῥημάτων
1749 3183 1798 3244 καί
1812 3187 1894 3244 ποιεῖ
1914 3180 1967 3248 τὰς

386 3290 551 3376 προθέσεις·
575 3290 747 3375 πρόθεσις
769 3291 795 3354 δ’
822 3292 883 3354 ἐστὶ
899 3293 974 3364 λέξις
988 3292 1186 3378 προτιθεμένη
1202 3294 1318 3356 πάντων
1335 3297 1392 3354 τῶν
1416 3294 1468 3354 τοῦ
1491 3290 1583 3376 λόγου
1608 3297 1703 3375 μερῶν
1726 3290 1758 3355 ἔν
1780 3315 1813 3355 τε
1835 3291 1968 3355 συνθέσει

330 3394 437 3464 25καί
461 3402 603 3474 συντάξει.
630 3400 650 3484 ἢ
678 3402 800 3488 διορίζει
826 3403 878 3485 τὴν
907 3402 1054 3487 σημασίαν
1081 3407 1133 3467 τοῦ
1162 3404 1304 3489 ῥήματος·
1332 3404 1382 3466 καί
1405 3402 1500 3471 οὕτως
1527 3400 1639 3486 ἔχομεν
1662 3403 1697 3465 τδ
1721 3403 1877 3488 ἐπίρρημα·
1905 3400 1967 3465 ἐστι

386 3512 440 3596 γὰρ
464 3512 646 3598 ἐπίρρημα
670 3513 757 3598 μέρος
772 3513 864 3596 λόγου
882 3512 999 3578 ἀκλιτον
1015 3515 1091 3578 κατὰ
1107 3515 1240 3600 ῥήματος
1255 3512 1448 3598 λεγόμενονή
1472 3511 1681 3595 ἐπιλεγόμενον
1706 3513 1824 3598 ῥήματι·
1847 3515 1896 3576 καὶ
1919 3513 1968 3575 διὰ

385 3627 437 3706 τῆς
459 3623 629 3707 προθέσεως
651 3623 749 3688 αὐτῶν
779 3625 954 3708 διορίζονται
977 3623 1014 3688 τὰ
1038 3626 1156 3711 ῥήματα
1180 3623 1333 3708 ἀδιόριστα
1356 3622 1426 3688 όντα
1452 3629 1492 3706 τγῖ
1513 3623 1610 3707 οἰκείᾳ
1637 3629 1737 3708 φωνή,
1768 3621 1819 3709 ἀφ’
1852 3622 1888 3686 οῦ
1917 3625 1967 3686 καὶ

384 3731 418 3793 τδ
443 3728 537 3816 ὄνομα
561 3733 693 3820 είληχεν.
715 3736 735 3820 ή
759 3736 862 3797 συνδεῖ
881 3736 929 3797 καὶ
952 3733 1113 3816 συμπλέκει
1136 3734 1213 3797 κατὰ
1235 3734 1367 3804 σόνταξιν
1382 3733 1421 3796 τὰ
1437 3734 1510 3819 μέρη
1526 3738 1579 3796 τοῦ
1595 3732 1698 3818 λόγου,
1722 3735 1771 3797 καὶ
1793 3735 1888 3802 οῦτως
1909 3732 1966 3818 ἔφυ

386 3841 402 3903 ό
427 3841 639 3926 σόνδεσμος.
671 3843 734 3909 Οἰικ
756 3845 790 3910 ἐκ
811 3851 863 3909 τοῦ
885 3846 1068 3930 παρήκοντος
1090 3845 1160 3930 ἀρα,
1184 3850 1298 3931 φυσική
1320 3843 1353 3908 δέ
1375 3867 1428 3909 τινι
1450 3845 1565 3929 ἀνάγκη
1589 3842 1616 3927 η’
1640 3843 1678 3905 τὰ
1701 3845 1775 3928 μέρη
1798 3847 1851 3907 τοῦ
1873 3842 1965 3926 λόγου

329 3945 372 4010 30
386 3955 437 4016 καὶ
460 3951 529 4017 οὔτε
549 3956 641 4020 πλείω
664 3954 723 4019 οὔτ’
751 3955 876 4021 ἐλάττω.
926 3954 1047 4021 Τοότων
1075 3955 1167 4020 δὲτὰ
1191 3957 1243 4039 μὲν
1272 3957 1428 4020 ἀπαιτοῦσι
1455 3957 1505 4018 καί
1528 3953 1613 4038 [οῦκ]
1640 3955 1845 4030 ἀπαιτοῦνται,
1874 3953 1912 4015 τὰ
1934 3954 1966 4016 δὲ

386 4063 578 4128 ἀπαιτοῦνται
598 4067 649 4128 καί
672 4064 727 4129 οῦκ
748 4067 912 4130 ἀπαιτοῦσι·
935 4067 972 4130 τὰ
988 4068 1020 4129 δὲ
1043 4064 1112 4129 οότε
1136 4067 1305 4131 ἀπαιτοῦσιν
1330 4064 1399 4129 οὔτε
1416 4066 1613 4141 ἀπαιτοῦνται,
1634 4065 1671 4128 τὰ
1687 4065 1719 4128 δέ
1741 4067 1789 4128 καὶ
1811 4066 1967 4128 ἀπαιτοῦσι

385 4175 434 4238 καί
456 4173 658 4239 ἀπαιτοῦνται.

490 4284 589 4366 Quod
613 4294 713 4372 eaput
735 4286 882 4371 exempli
903 4287 1011 4352 instar
1032 4287 1106 4353 ideo
1130 4295 1238 4352 totum
1260 4287 1409 4370 apposui,
1432 4286 1520 4351 unde
1543 4294 1728 4370 appareret,
1753 4285 1915 4369 quomodo
1938 4286 1967 4350 is

487 4576 522 4630 V.
532 4577 556 4630 5.
571 4577 629 4630 οοδ.
639 4574 776 4648 πρόσωπον
787 4575 936 4648 ὡρισμένον,
954 4581 1003 4634 sed
1014 4580 1138 4648 Dionysii
1147 4577 1323 4646 grammatioa
1335 4577 1392 4640 640,
1412 4575 1452 4642 15,
1471 4576 1542 4629 unde
1555 4577 1678 4630 definitio
1688 4582 1797 4645 sumpta
1809 4581 1859 4642 est,
1877 4581 1965 4630 reete:

386 4655 551 4730 Ἀντωνυμίοι
577 4660 605 4715 δέ
631 4661 681 4714 ἐστι
705 4661 769 4723 λέξις
787 4661 843 4714 ἀντὶ
871 4661 998 4733 ὀνόματος
1023 4662 1281 4734 παραλαμβανομένη
1308 4659 1487 4732 προσώπων
1517 4659 1701 4731 ὡρισμένων
1725 4660 1866 4733 δηλωτική.
1901 4663 1926 4715 6.
1944 4681 1965 4714 ε.

386 4743 513 4798 simillim.
523 4746 683 4815 Apollonius
693 4748 727 4800 de
737 4764 858 4816 pronom.
877 4765 902 4817 p.
915 4749 949 4801 33
960 4749 990 4802 Β.
1008 4750 1033 4802 8.
1050 4754 1120 4801 πᾶσα
1130 4745 1280 4816 ἀντωνυμία
1298 4763 1321 4799 e.
1332 4763 1357 4814 q.
1367 4765 1387 4798 s.
1407 4747 1443 4798 ib.
1462 4763 1488 4814 p.
1503 4747 1571 4800 103.
1592 4747 1657 4815 1115.
1672 4747 1717 4799 καὶ
1736 4745 1831 4818 ἄρθρον
1850 4746 1896 4816 μέν
1916 4746 1967 4799 ἐστι

386 4827 462 4898 μέρος
480 4828 557 4900 λόγου
646 4855 671 4876 =
688 4833 799 4901 Dionys.
816 4849 928 4900 gramm.
952 4836 1010 4898 640,
1033 4835 1086 4887 3-4.
1120 4833 1134 4903 Η
1168 4835 1207 4886 16.
1231 4831 1314 4901 ὄνομα
1332 4831 1359 4884 δὲ
1376 4853 1403 4874 --
1420 4832 1456 4883 ib.
1475 4832 1532 4896 634,
1552 4831 1583 4884 ll
1603 4849 1624 4884 s.
1658 4831 1670 4901 Η
1703 4833 1743 4886 17.
1761 4832 1900 4902 καὶσῶμα
1920 4833 1965 4902 μέν

386 4913 436 4965 ἰστι
448 4952 455 4966 .
469 4954 475 4967 .
488 4952 515 4966 ..
533 4937 559 4960 =
577 4916 660 4972 schol.
678 4917 790 4986 Dionys.
808 4917 866 4982 845,
885 4918 918 4970 11
936 4935 957 4971 ε.
986 4918 999 4988 Η
1024 4920 1064 4973 19.
1082 4918 1119 4971 ἔτι
1137 4917 1208 4990 ῥῆμά
1226 4917 1290 4969 ἐστιν
1303 4955 1310 4968 .
1323 4954 1330 4969 .
1344 4918 1375 4970 οἰ.
1394 4917 1560 4985 Apollonium
1578 4917 1721 4986 Dyscolum
1738 4918 1765 4970 in
1783 4919 1863 4973 Dion.
1882 4919 1965 4974 sohel.

384 4999 443 5062 882,
462 5001 504 5052 21.
516 4999 529 5070 Ιρ
540 5003 581 5054 21.
594 5000 703 5054 αὐτόθεν
721 5001 751 5054 τὸ
769 5004 816 5072 τῆς
829 4999 952 5072 ἰδιότητος
966 5043 972 5056 .
985 5043 991 5056 .
1005 5043 1011 5057 .
1031 5006 1062 5058 οἰ.
1072 5005 1183 5074 Dionys.
1193 5021 1303 5073 gramm.
1317 5006 1341 5068 θ.
1355 5002 1394 5054 19.
1407 4999 1419 5070 Η
1430 5001 1471 5055 24.
1482 4999 1600 5072 πρόθεσις
1612 5040 1618 5056 .
1631 5040 1638 5055 .
1650 5003 1761 5072 Dionys.
1774 5005 1831 5070 641,
1847 5005 1886 5056 14.
1899 5003 1911 5074 ή
1922 5006 1963 5058 25.

386 5081 496 5156 ἰστιγάρ
515 5085 643 5158 ἐπίρρημα
661 5086 737 5158 μέρος
755 5085 833 5157 λόγου
915 5089 951 5142 ib.
969 5091 1028 5156 641,
1046 5091 1087 5144 23.
