4240 5512
1039 303 1362 379 „29ss

510 515 582 578 Iam
609 533 691 576 vero
720 533 762 575 ex
796 509 938 594 singulis
970 509 1134 591 epitomae
1166 508 1445 592 explicationibus
1478 528 1562 590 quae
1595 508 1636 572 ad
1663 507 1821 592 Dionysii
1849 507 1986 587 eiusque

409 625 614 691 scholiorum
637 621 890 688 similitudinem
912 621 1108 703 plerumque
1130 619 1282 702 proxime
1305 618 1475 695 accedunt,
1499 618 1621 702 eligam
1642 619 1717 682 has:

503 732 589 798 Ἔστι
612 734 650 815 δὴ
673 732 848 816 κόριον11)
872 731 906 792 τό
929 731 977 793 ἐπὶ
1001 729 1119 812 ἀτόμων
1143 728 1302 813 λεγόμενον
1320 730 1381 792 οἷον
1398 729 1559 814 Σωκράτης
1580 728 1725 806 Πλάτων,
1750 731 1791 798 ῶς
1810 732 1863 790 τοῦ
1884 732 1999 816 κοινοῶγ

406 849 458 928 τῆς
481 844 583 914 οὐσίας
604 843 736 926 χωρίίον
765 843 815 906 καί
844 844 986 927 σημαῖνον
1013 841 1047 902 cb
1077 840 1199 923 ἄτομον.
1243 839 1523 925 Προσηγορία11)
1553 841 1585 903 δὲ
1612 841 1646 902 τδ
1674 840 1775 922 κοινὴν
1805 839 1907 902 οὐσίαν
1937 859 1985 921 ση-

407 959 512 1038 μαῖνον
537 957 578 1022 ὡς
602 953 700 1020 ίππυς.
733 949 976 1032 Ἐπίδετον11)
1000 953 1032 1014 δὲ
1054 951 1089 1013 τδ
1105 952 1138 1013 ἐκ
1153 953 1261 1034 κυρίων
1285 950 1304 1032 ἢ
1327 954 1549 1036 προσηγορικῶν
1573 951 1734 1033 δυνάμενον
1759 949 1897 1031 λέγεσθαι
1921 947 2000 1012 αλλ’1

407 1066 442 1129 od
466 1065 575 1148 χωρίς·
606 1063 667 1127 οἷον
691 1064 824 1147 ἀνδρεῖος
849 1062 952 1146 ταχός.
996 1059 1144 1147 Είληιτται
1174 1061 1267 1123 δὲτὰ
1293 1061 1416 1125 ἐπίθετα
1442 1066 1565 1145 τριχῶς·
1595 1061 1654 1123 ἀπὸ
1676 1065 1734 1123 τῶν
1758 1061 1911 1144 ἐνεργειῶν
1935 1063 2001 1142 τῖης4

409 1179 509 1262 ψυχῆς
531 1173 550 1256 ἢ
573 1179 631 1236 τῶν
655 1173 885 1259 συμβεβηκότων
910 1172 1001 1256 αὐτῇ·
1035 1177 1075 1240 ὡς
1098 1174 1227 1257 σώφρων
1251 1171 1416 1241 ἀκόλαστος
1443 1171 1642 1256 θεωρητικός·
1676 1173 1726 1235 καλ
1754 1172 1812 1234 ἀπὸ
1827 1175 1885 1234 τῶν
1909 1171 1986 1256 ἐνερ-
2001 1201 2004 1275 γ

408 1291 496 1370 γειῶν
524 1291 576 1349 τοῦ
604 1287 742 1367 σώματος
768 1284 788 1366 ἢ
816 1287 874 1346 τῶν
903 1283 1136 1370 συμβεβηκότων
1165 1282 1258 1364 αὐτῇ·
1288 1282 1349 1344 οἷον
1382 1283 1474 1366 μέλας
1500 1283 1620 1367 πύκτης,
1649 1283 1699 1345 καὶ
1726 1283 1785 1345 ἀπδ
1806 1286 1864 1344 τῶν
1894 1281 2005 1360 ἐκτός)

410 1398 472 1460 οἷον
495 1397 635 1465 πλούσιος
657 1397 760 1482 πένης·
789 1395 835 1458 διδ
858 1396 908 1459 καὶ
931 1394 1064 1458 ἐπίδετον
1088 1397 1220 1458 καλεῖται
1244 1396 1285 1463 ῶς
1308 1394 1509 1477 ἐπιτιθέμενον
1534 1395 1577 1463 οἷς
1599 1393 1731 1476 είπομεν,
1761 1395 1811 1458 καὶ
1834 1394 1930 1480 τρίτον
1948 1401 1987 1478 τγῙ

408 1509 489 1572 θέσει
511 1507 706 1588 τέτακται11).
1181 1571 1188 1586 ,
2004 1576 2007 1595 γ

510 1615 548 1680 Τί
569 1618 704 1702 διαφέρει
727 1617 863 1679 ἐπίδετον
890 1617 992 1700 κυρίου
1015 1617 1066 1679 καὶ
1087 1621 1320 1701 προσηγορικοῶ;
1340 1614 1513 1699 Ἐγκωμίου
1537 1617 1569 1681 δὲ
1591 1617 1680 1700 χάριν
1703 1615 1722 1699 ἢ
1747 1617 1843 1701 ψόγου
1866 1617 2007 1702 λαμβά-ι

407 1751 487 1790 νεται
509 1725 548 1790 τὰ
569 1727 752 1812 eceteram),
782 1727 916 1811 διαφέρει
940 1725 990 1789 οὖν
1017 1727 1055 1788 τὰ
1077 1727 1281 1812 προσηγορικὰ
1308 1727 1352 1789 ότι
1379 1729 1412 1790 τδ
1443 1729 1494 1810 μὲν
1523 1727 1693 1796 αὐτοτελές·
1723 1728 1784 1791 οἷον
1814 1719 2010 1820 ἄνθρωποςγ

407 1841 442 1902 τὸ
466 1840 499 1902 δὲ
521 1843 574 1921 τῆς
596 1842 648 1900 τοῦ
671 1838 773 1922 ἑτέρου
797 1837 937 1919 δεόμενον
960 1837 1165 1921 ἐπαγωγῆς18)
1194 1839 1234 1906 ὡς
1258 1838 1380 1922 ἀγαθός.
1409 1834 1489 1902 Ὅσα
1512 1839 1544 1902 δὲ
1566 1843 1624 1900 τῶν
1647 1838 1791 1902 ἐπιδέτων
1814 1839 1867 1921 τὴν
1892 1826 2011 1918 αἰτίαν)

406 1951 437 2020 ἐξ
459 1953 545 2034 ἡμῶν
569 1947 635 2032 ἔχει
656 1949 807 2032 λέγεσθαι,
829 1952 923 2012 ταῦτα
945 1949 1064 2011 ἐπαίνου
1088 1947 1107 2030 ἢ
1132 1948 1226 2033 ψόγου
1250 1949 1427 2034 σημαντικά.
1455 1948 1493 2010 τὰ
1521 1949 1553 2011 δέ
1581 1950 1621 2033 μὴ
1646 1949 1741 2018 οότως
1763 1948 1873 2032 ἔχοντα
1896 1949 1985 2032 μέσα·
2010 1926 2012 2016 ί

408 2064 449 2130 ῶς
470 2062 560 2144 πένης
588 2061 672 2144 ὑγιὴς
694 2059 913 2144 λελωβημένος.
947 2063 1040 2122 ταῦτα
1068 2061 1099 2123 δὲ
1123 2059 1182 2121 ἀπὸ
1212 2063 1270 2122 τῶν
1293 2059 1377 2128 ἐκτός
1400 2059 1475 2122 ἐστιν
1501 2061 1541 2128 ῶς
1562 2059 1595 2122 ἐκ
1617 2059 1751 2144 τόχης11)
1776 2060 1985 2146 συμβαίνοντα,
2011 2079 2013 2130 γ

408 2172 427 2234 ἃ
451 2169 518 2255 μήτ’
546 2169 667 2235 ἔπαινον
690 2169 755 2255 ἔχει
780 2169 854 2253 μήτε
878 2169 980 2254 ψόγον·
1005 2169 1119 2255 οὐγὰρ
1143 2171 1318 2252 ἐπαινοῦμεν
1341 2171 1392 2234 τδν
1416 2170 1484 2252 ὑγιᾶ
1509 2169 1587 2233 ἀλλὰ
1609 2176 1662 2255 τῆς
1684 2169 1823 2253 εὐτυχίας
1847 2170 1986 2254 οἰκτείρο·

409 2303 462 2364 μεν
475 2281 518 2364 (l)
541 2307 568 2346 κ.
591 2305 616 2344 τ.
640 2285 667 2344 λ.

509 2391 594 2458 Post
626 2392 712 2457 hanc
745 2391 986 2479 adiectivorum
1013 2391 1241 2457 definitionem
1273 2391 1523 2460 observationes
1555 2391 1642 2456 varii
1675 2391 1807 2474 generis
1840 2391 1986 2456 insertae

407 2512 493 2580 sunt,
518 2503 637 2586 quibus
660 2503 850 2586 exponitur,
879 2502 1011 2586 quando
1034 2524 1110 2568 cum
1132 2502 1282 2581 articulo,
1310 2501 1441 2586 quando
1465 2502 1537 2567 sine
1560 2501 1701 2567 articulo
1724 2501 1888 2568 adiectiva
1909 2523 1986 2586 pro-

405 2617 565 2693 ferantur,
593 2613 651 2680 ubi
673 2613 870 2698 appellativi
892 2614 1050 2696 genetivo
1073 2613 1226 2698 apposito
1249 2613 1285 2677 in
1307 2633 1430 2696 genere
1451 2619 1571 2678 neutro
1594 2619 1777 2696 ponantur,
1806 2613 1986 2680 adiectivo-

403 2757 479 2802 rum
501 2733 620 2800 tertiae
647 2732 880 2798 declinationis
908 2733 1134 2799 accusativum
1162 2753 1342 2816 numquam
1369 2727 1443 2797 inl
1469 2733 1589 2810 efferri,
1624 2753 1723 2815 quam
1755 2732 1905 2798 litteram
1927 2755 1986 2798 nc·

404 2848 495 2911 mina
520 2845 656 2929 propria
681 2843 850 2910 interdum
878 2845 1044 2928 accipiant
1072 2845 1323 2928 (Δημοσθένη-ν),
1357 2842 1487 2926 quando
1520 2843 1686 2911 adiectiva
1712 2843 1826 2922 unius,
1856 2844 1985 2926 quando

403 2957 508 3022 trium
529 2975 691 3040 generum
713 2955 794 3033 sint;
823 2975 907 3037 quae
936 2955 1186 3028 observationes
1213 2955 1254 3019 ad
1277 2975 1378 3019 unam
1401 2974 1517 3019 ornnes
1540 2953 1711 3019 simillime
1734 2954 1792 3018 sed
1814 2955 1985 3037 aliquanto

407 3067 588 3135 correctius
617 3067 761 3150 scriptae
788 3066 945 3150 deinceps
974 3073 1153 3131 occurrunt
1179 3066 1215 3130 in
1242 3064 1384 3130 Maximi
1411 3063 1589 3142 Plauudis,
1623 3085 1723 3147 quem
1755 3063 1911 3142 diximus,
1946 3065 1986 3128 de

404 3177 640 3264 grammaticae
663 3177 793 3260 dialogo
813 3177 850 3241 II
872 3175 1115 3254 alae-acue
1137 3175 1273 3241 Bachm.
1296 3175 1385 3242 hunc
1407 3186 1521 3240 tamen
1543 3196 1586 3240 ne
1609 3196 1628 3240 a
1648 3182 1764 3241 nostro
1781 3177 1987 3259 exscriptum

407 3310 480 3355 esse
495 3295 660 3374 putemus,
684 3296 718 3353 et
733 3289 781 3354 eis
796 3289 880 3372 ipsis
895 3287 1111 3371 prohibemur
1134 3308 1217 3370 quae
1234 3307 1335 3370 supra
1356 3309 1387 3370 p.
1403 3285 1445 3350 26
1460 3308 1485 3352 s.
1508 3285 1549 3351 de
1571 3286 1745 3370 utriusque
1769 3286 1986 3352 similitudine

410 3398 743 3466 commemoravimus
772 3405 807 3465 ct
828 3398 916 3482 quod
942 3397 978 3462 in
1001 3397 1211 3464 Philemonis
1239 3418 1368 3481 quoque
1395 3398 1508 3470 λεεικδν
1530 3398 1739 3482 τεχνολογικδν
1769 3419 1793 3463 s.
1816 3420 1847 3463 v.
1870 3398 1986 3483 Δημοσ-

407 3510 479 3594 δένη
513 3518 547 3576 et
578 3507 737 3574 Ἐπίδετον
773 3507 869 3592 ὄνομα
901 3509 1084 3593 particulae
1115 3509 1296 3574 nonnullae
1324 3507 1452 3573 similes
1485 3517 1639 3591 receptae
1667 3516 1754 3573 sunt.
1802 3507 1842 3572 Id
1875 3515 1987 3572 autem

406 3621 540 3686 lexicon
562 3621 690 3687 duobus
714 3621 834 3686 saltem
857 3620 999 3686 saeculis
1027 3627 1104 3684 ante
1127 3619 1315 3684 Maximum
1338 3619 1564 3702 conscriptum
1586 3625 1621 3684 et
1642 3619 1820 3684 uberrimis
1844 3618 1986 3702 optimo-

407 3752 483 3796 rum
504 3733 647 3798 fontium
670 3733 775 3817 copiis
797 3734 999 3798 instructum
1021 3737 1081 3808 est,
1105 3751 1245 3814 quarum
1260 3733 1423 3798 iacturam
1438 3731 1679 3815 quodammodo
1696 3731 1795 3796 hodie
1817 3731 1985 3797 resarciat.

508 3842 550 3906 In
566 3842 815 3910 definitionibus
830 3843 904 3928 πρός
918 3867 946 3906 τι
961 3842 1034 3927 ἔχον
1051 3849 1084 3907 et
1101 3845 1141 3912 ῶς
1156 3844 1230 3928 πρός
1244 3867 1271 3906 τι
1287 3843 1360 3928 ἔχον
1376 3843 1551 3908 notionum
1574 3864 1656 3926 quae
1678 3843 1801 3927 partim
1824 3843 1986 3909 exhibebo

408 3975 483 4020 cum
510 3953 616 4018 multa
637 3955 902 4040 Byzantinorum
925 3954 1102 4020 sedulitate
1135 3955 1264 4020 adiecta
1290 3975 1364 4020 esse
1392 3960 1564 4040 appareat,
1598 3953 1704 4019 nihilo
1738 3963 1850 4020 tamen
1878 3955 1987 4020 secius

407 4064 507 4130 schol.
530 4064 602 4142 866,
629 4064 671 4128 22
694 4067 838 4150 vestigia
865 4074 1000 4134 servata
1027 4073 1118 4130 sunt:
1153 4086 1218 4150 qua
1243 4066 1279 4130 in
1306 4087 1342 4130 re
1370 4065 1512 4130 feliciter
1539 4064 1673 4143 accidit,
1696 4064 1783 4148 quod
1809 4065 1902 4130 locus
1929 4066 1987 4130 ille

407 4175 609 4241 scholiorum
631 4176 743 4258 aliqua
764 4199 806 4242 ex
826 4185 921 4260 parte
946 4177 1086 4242 mutilus
1109 4177 1323 4242 adnotatione
1346 4198 1376 4260 p.
1399 4175 1471 4253 791,
1495 4173 1537 4240 26
1563 4196 1606 4240 ss.
1636 4183 1671 4240 et
1697 4176 1843 4260 epitoma
1872 4184 1988 4242 nostra

408 4285 593 4371 adsumptis
615 4287 706 4354 hunc
727 4288 763 4352 in
785 4289 921 4354 modum
944 4289 1055 4355 sanari
1076 4294 1201 4373 potest:

509 4569 541 4636 11)
560 4570 592 4625 cf.
611 4571 799 4642 Dionysd36,
818 4574 860 4628 16.
902 4571 935 4643 11)
957 4573 1068 4644 Dionys.
1087 4575 1123 4627 ib.
1143 4574 1183 4627 17.
1220 4573 1372 4638 11)11ι.18.
1409 4572 1441 4639 11)
1464 4571 1548 4625 schol.
1566 4571 1675 4639 Dionya
1694 4571 1753 4636 864,
1777 4571 1801 4624 5.
1838 4572 1870 4636 11)
1901 4571 1984 4624 schol.

406 4653 516 4722 Dionys.
539 4657 647 4725 acala.
693 4660 725 4725 11)
754 4659 786 4713 of.
805 4661 965 4729 Stephanum
987 4660 1023 4713 ib.
1046 4657 1109 4725 864¹,
1132 4661 1173 4712 28.
1223 4659 1256 4726 11)
1288 4674 1337 4726 pro
1360 4655 1398 4717 ῶς
1420 4657 1448 4709 ἐκ
1471 4656 1551 4726 τόχης
1574 4657 1658 4711 schol.
1681 4657 1791 4727 Dionys.
1814 4658 1878 4723 865,
1902 4658 1918 4708 2
1940 4659 1987 4724 τῆς

407 4737 500 4808 taric·
