4240 5512
990 278 1313 352 ...H-...

357 485 654 569 diphthongorum‚
689 472 860 548 duodecim
895 483 923 547 si
956 483 1117 564 priorem,
1152 479 1267 544 decem
1300 481 1329 545 si
1357 481 1496 545 alteram
1524 479 1744 546 distribuendi
1773 480 1938 546 rationem

358 605 493 660 secutus
515 595 595 670 eris,
620 603 653 658 et
677 618 707 656 αι
736 603 770 657 οι
792 615 820 655 οι
844 594 990 669 omissis,
1024 591 1245 675 amplectitur.
1289 593 1433 657 Nostrae
1461 599 1573 656 autem
1606 593 1772 675 epitomae
1807 595 1936 669 seriem,

360 706 424 770 etsi
445 704 657 769 librariorum
679 703 892 786 neglegentia
914 702 1041 784 aliquot
1067 701 1150 766 loeis
1173 701 1389 786 depravatam
1410 681 1477 765 iam
1501 701 1542 765 K.
1566 703 1605 766 E.
1630 704 1668 766 A.
1693 701 1846 768 Schmidt
1868 704 1888 766 l.
1913 723 1937 766 c.

360 816 523 898 sagaciter
551 814 713 890 restituit,
744 834 834 877 nunc
863 812 984 877 codicis
1012 812 1136 876 Veneti
1164 812 1362 878 auctoritate
1390 814 1620 878 confirmatam
1648 835 1689 878 ex
1717 822 1812 896 parte
1836 833 1938 896 appo-

357 946 437 989 nere
459 925 572 989 liceat:

355 1042 422 1107 Τῶν
437 1044 473 1127 δὴ
487 1043 663 1128 φωνηέντων
676 1042 817 1114 δι’πλωσις
832 1045 912 1105 ποιεῖ
932 1039 1113 1126 διφθόγγους
1125 1041 1155 1113 έξ
1158 1086 1222 1106 .....
1236 1041 1314 1106 ἀλλὰ
1329 1041 1420 1120 actv)
1438 1043 1458 1122 ¹)
1474 1035 1540 1126 aba
1564 1040 1830 1127 προσγραφομένου
1853 1044 1905 1105 τοῦ
1920 1034 1939 1102 ἰ

355 1163 406 1224 ναὶ
427 1160 472 1224 ἔτι
497 1161 572 1243 μετὰ
594 1154 685 1225 rodo
708 1162 756 1223 aad
778 1161 812 1222 τὸ
836 1153 890 1241 ὧι)
921 1161 996 1242 μετὰ
1022 1165 1074 1223 τοῦ
1099 1155 1196 1242 ἷ[καὶ
1222 1160 1297 1242 μετὰ
1318 1165 1371 1222 τοῦ
1395 1154 1427 1242 υ]
1450 1161 1500 1223 καὶ
1527 1162 1559 1223 τὸ
1583 1154 1601 1222 υ
1624 1161 1656 1224 δὲ
1675 1162 1726 1223 καὶ
1745 1161 1805 1239 τὸθ)
1830 1154 1940 1243 dipsade

356 1276 408 1336 τοῦ
436 1271 744 1356 προσγεγραμμένουι)
774 1293 792 1330 ι.
834 1270 873 1331 Αἱ
900 1272 996 1333 τοίνυν
1024 1271 1180 1356 δέφθογγοι
1208 1272 1240 1333 αἱ
1267 1271 1319 1353 μέν
1352 1271 1409 1334 εἰσι
1437 1269 1503 1336 κατ’
1520 1271 1716 1354 ’ἐπικράτειαν
1745 1274 1786 1342 ὡς
1814 1271 1861 1333 ἐπὶ
1888 1275 1941 1352 τῆς

360 1384 458 1452 εἰκαὶ
479 1391 558 1473 τῆςῧ)
582 1383 613 1472 ἧι
636 1391 760 1470 καὶτῆς
784 1383 820 1451 dr
842 1390 892 1451 καὶ
915 1395 967 1473 τῆς
1000 1413 1093 1472 ᾳ...
1117 1390 1147 1452 αἱ
1170 1390 1203 1451 δὲ
1225 1389 1301 1452 κατὰ
1323 1393 1434 1473 κρᾶσιν,
1463 1393 1503 1458 ὡς
1526 1391 1573 1452 ἐπὶ
1592 1391 1672 1472 rael)
1697 1383 1732 1452 ab
1755 1393 1879 1474 καὶτῆς
1902 1383 1940 1451 οἷο

357 1510 406 1570 κοιλ
426 1513 480 1591 τῆς
500 1501 533 1570 ἕο
643 1510 674 1570 αἱ
697 1508 730 1570 δὲ
751 1507 829 1569 κατὰ
852 1507 981 1578 διέξοδον
1006 1510 1047 1576 ὥς
1070 1509 1118 1570 ἐπὶ
1140 1514 1192 1592 τῆς
1213 1501 1251 1592 ab
1274 1510 1323 1572 καὶ
1344 1511 1397 1590 τῆς
1419 1503 1494 1592 mol)
1517 1510 1567 1571 καὶ
1590 1513 1642 1590 τῆς
1666 1502 1757 1571 οι...

460 1615 528 1683 Sed
550 1639 593 1682 ne
615 1617 741 1681 diutius
767 1618 803 1680 in
829 1617 890 1682 hae
915 1617 1080 1700 epitomae
1107 1627 1201 1700 parte
1227 1639 1405 1695 moremur,
1428 1625 1537 1682 totum
1558 1619 1645 1700 quod
1668 1619 1818 1701 sequitur
1842 1625 1941 1701 caput
1990 1682 1999 1707 e

360 1733 438 1810 (quo
454 1729 565 1810 agitur
579 1729 645 1813 περὶ
661 1728 824 1813 συλλαβῆς)
841 1733 973 1792 tantum
989 1729 1084 1793 abest
1105 1736 1143 1792 ut
1166 1749 1185 1792 a
1200 1728 1359 1813 Dionysii
1381 1730 1597 1812 grammatica
1612 1728 1754 1805 differat,
1776 1736 1815 1793 ut
1837 1750 1880 1793 ex
1903 1749 1943 1792 ea
2000 1801 2001 1808 γ

360 1838 401 1902 ad
429 1839 569 1906 verbum
598 1839 667 1903 fere
694 1837 898 1920 descriptum
927 1839 983 1902 sit:
1022 1860 1105 1921 quae
1134 1837 1174 1902 ab
1203 1840 1366 1921 epitomas
1395 1849 1529 1904 auctore
1557 1839 1669 1903 addita
1696 1846 1789 1917 sunt,
1817 1859 1856 1904 ea
1884 1853 1943 1903 aut
2000 1819 2002 1901 ]

358 1949 472 2032 inepta
495 1955 574 2014 sunt
596 1955 654 2013 ant
683 1969 942 2032 supervacanea:
976 1948 1133 2013 velutin
1161 1949 1395 2014 enumerandis
1423 1949 1566 2014 diversis
1594 1949 1794 2026 rationibus,
1822 1949 1941 2031 quibus
2002 1977 2003 1994 2

359 2059 507 2144 syllabae
531 2059 726 2133 efficiantur,
751 2058 893 2143 singulis
917 2058 1071 2122 consonis
1095 2079 1171 2122 cum
1194 2059 1335 2142 singulis
1359 2059 1529 2124 vocalibus
1553 2060 1751 2124 consociatis
1774 2072 1831 2123 aut
1853 2059 1942 2123 binis

359 2169 414 2238 vel
436 2169 542 2233 ternis
566 2191 640 2234 cum
664 2169 805 2252 singulis
828 2170 884 2236 vel
900 2169 986 2233 binis
1010 2189 1051 2232 ne
1074 2189 1142 2232 una
1157 2169 1290 2250 quidem
1306 2169 1486 2254 Byzantini
1508 2169 1654 2234 hominis
1671 2190 1776 2253 paene
1791 2169 1942 2253 putidam

359 2280 569 2364 diligentiam
591 2281 716 2364 effugit.
748 2279 790 2344 In
813 2280 861 2345 eis
884 2287 996 2344 tamen
1019 2300 1103 2361 quae
1126 2288 1293 2356 secuntur,
1317 2281 1420 2346 verba
1443 2279 1562 2362 quibus
1586 2280 1716 2364 syllaba
1738 2301 1860 2364 anceps
1883 2303 1941 2346 ex·

361 2390 518 2474 plicatur:
547 2389 642 2476 Κοινὴ
667 2391 700 2454 δέ
722 2393 797 2456 ἐστιν
821 2393 840 2475 ἡ
864 2391 1011 2476 δυναμένη
1037 2392 1135 2474 μακρὰ
1162 2391 1275 2475 εῖναιὴ
1301 2393 1376 2475 αὐτὴ
1399 2394 1449 2454 καὶ
1473 2393 1601 2477 βραχεῖα
1625 2393 1671 2475 (p.
1694 2389 1750 2473 27)
1772 2393 1809 2455 in
1832 2391 1943 2457 codice
2005 2371 2006 2374 Ἴ

361 2503 492 2568 Veneto
516 2503 635 2566 tertiae
657 2501 747 2584 parti
768 2501 892 2566 rectius
914 2503 1064 2584 praefixa
1085 2523 1151 2566 non
1175 2503 1271 2568 utin
1293 2503 1404 2567 codiee
1420 2502 1539 2584 Regin.
1563 2504 1712 2568 subiecta
1734 2523 1807 2568 esse
1830 2503 1942 2568 obser-

361 2611 508 2680 vandum
531 2619 596 2676 est:
620 2611 773 2694 exempla
795 2611 864 2678 fere
887 2611 1002 2678 eadem
1026 2622 1059 2678 et
1080 2613 1116 2676 in
1132 2613 1291 2698 Dionysii
1312 2614 1529 2696 grammatica
1549 2616 1588 2693 (ᾖ.
1608 2613 1661 2695 ll)
1685 2619 1719 2678 et
1740 2613 1775 2676 in
1798 2614 1944 2696 epitoma

361 2729 549 2800 occurrunt,
573 2721 632 2786 sed
646 2722 771 2805 triplex
794 2722 881 2798 ordo,
906 2744 970 2806 quo
994 2723 1174 2806 disputatio
1198 2721 1237 2787 de
1261 2723 1390 2809 syllaba
1405 2723 1543 2806 ancipiti
1565 2723 1722 2805 procedit,
1747 2745 1806 2788 suo
1826 2724 1943 2806 cuique

363 2835 516 2920 exemplo
540 2856 642 2900 versu
656 2833 835 2900 Homerico
859 2833 986 2900 adiecto
1009 2835 1057 2900 ita
1078 2837 1273 2900 immutatus
1297 2840 1357 2909 est,
1381 2841 1418 2898 ut
1439 2835 1475 2896 in
1496 2834 1638 2917 epitoma
1658 2855 1745 2900 vers.
1768 2834 1807 2897 Il.
1820 2833 1905 2898 XIV
1926 2836 1942 2896 1

364 2954 503 3030 atquae
526 2945 567 3010 ad
590 2965 666 3010 eum
689 2944 937 3029 explanandum
959 2945 1048 3010 dicta
1081 2953 1160 3010 sunt
1188 2945 1344 3022 alterum,
1377 2944 1416 3008 Il.
1439 2943 1529 3008 XIX
1550 2943 1612 3008 287
1635 2944 1773 3009 tertium
1795 2944 1945 3008 obtineat

366 3055 485 3148 locum.

467 3168 669 3233 Praemissis
692 3166 810 3232 deiude
833 3166 1083 3232 definitionibus
1106 3167 1198 3250 λόγου
1222 3172 1256 3230 οι
1278 3166 1386 3236 λέξεως
1409 3165 1656 3242 vocabulorum,
1685 3185 1770 3247 quae
1793 3185 1811 3229 e
1833 3186 1943 3248 gram-

369 3279 491 3344 matica
524 3277 739 3362 depromptae
773 3285 867 3355 sunt,
895 3284 928 3342 et
956 3279 1131 3362 explicatis
1159 3277 1263 3344 variis
1291 3276 1383 3358 λόγου
1411 3277 1558 3341 notionis
1587 3275 1944 3358 significationibus³⁸),

365 3409 404 3452 ea
425 3409 508 3471 quae
532 3397 690 3455 secuntur
712 3389 906 3472 aDionysii
929 3389 1147 3454 similitudine
1169 3387 1364 3468 longissime
1381 3386 1534 3452 recedere
1551 3385 1716 3469 epitomae
1739 3387 1944 3470 argumentis

365 3498 427 3562 sub
449 3521 552 3566 unum
576 3506 791 3584 conspectum
813 3499 957 3564 redactis
981 3499 1094 3564 statim
1117 3499 1303 3582 apparebit:

517 3613 676 3695 epitoma:
700 3609 722 3674 ε’
744 3611 864 3676 adieot:
888 3612 1080 3695 περιπαθῶν
1104 3611 1213 3680 λέξεων
1278 3609 1437 3693 Dionysii
1460 3607 1690 3690 grammatica:
1714 3609 1794 3672 deest

699 3721 724 3792 ς’
883 3721 949 3805 περὶ
976 3723 1152 3806 προσῳδιῶν
1714 3722 1794 3783 deest

668 3833 823 3897 καθολικοὶ
845 3831 969 3902 κανόνες
987 3833 1055 3916 περὶ
1076 3833 1252 3914 πνευμάτων
1714 3831 1794 3893 deest

368 3995 620 4006 ......—.—

466 4096 499 4161 ³²)
516 4095 534 4160 ¹)
559 4091 628 4146 atla
650 4094 694 4146 aul
712 4095 790 4162 Van,
815 4095 883 4150 ἀλλὰ
901 4097 976 4164 Reg„
1002 4095 1079 4149 ἄλλοι
1097 4096 1182 4148 Titne.
1217 4123 1251 4133 -
1287 4095 1307 4164 ²)
1331 4087 1489 4159 Mamm
1514 4092 1578 4162 μέγα
1601 4092 1668 4159 Reg.
1710 4121 1740 4131 —
1781 4093 1802 4158 ³)
1831 4093 1860 4145 τὸ
1885 4096 1946 4149 add.

366 4197 434 4250 Vcn.
465 4225 497 4235 -
527 4199 548 4263 ⁴)
567 4205 629 4265 post
648 4198 889 4268 προσγεγραμμένου
909 4215 1052 4268 perperam
1069 4200 1124 4249 τοῦ
1142 4197 1283 4264 addReg.
1314 4226 1345 4236 -
1377 4197 1397 4262 5)
1417 4189 1500 4247 aizal
1517 4197 1564 4264 τῆς
1582 4193 1760 4248 om.Ven.-
1780 4193 1801 4262 Β)
1819 4197 1945 4264 ronReg.
1998 4271 2001 4276 Ι

366 4327 400 4336 -
437 4300 458 4365 ἵ)
483 4297 528 4350 καὶ
553 4301 600 4368 τῆς
622 4293 660 4350 roo
678 4304 752 4352 reete
764 4300 832 4352 add.
851 4299 929 4365 Van,
948 4299 1073 4368 idemque
1092 4299 1248 4352 coniectura
1266 4301 1404 4351 assecutus
1423 4302 1465 4351 est
1482 4298 1518 4350 K.
1537 4297 1568 4348 u.
1586 4297 1620 4348 A.
1640 4295 1764 4349 Schmidt
1782 4296 1944 4364 Sedinensia‚

307 4381 317 4394 '
367 4384 409 4436 vir
427 4385 682 4452 praestantissimus,
702 4385 766 4438 olim
785 4391 943 4454 praeceptor
959 4403 1044 4451 meus,
1068 4385 1233 4452 cuiuspiam
1250 4384 1408 4437 memoriam
1425 4383 1568 4437 occasions
1586 4381 1677 4434 oblata
1694 4397 1826 4435 renovare
1849 4383 1944 4435 liceat:

368 4482 447 4534 quem
464 4469 493 4520 in
511 4467 563 4524 hoc
580 4486 675 4538 aspero
699 4470 851 4523 studiorum
877 4486 975 4537 genere
993 4473 1083 4523 totum
1105 4474 1242 4522 versatum
1259 4485 1319 4521 esse
1337 4469 1507 4538 palmamque
1524 4466 1654 4520 meruisse
1671 4465 1744 4518 haud
1762 4468 1945 4534 spernendam

367 4553 504 4608 luculento
522 4559 682 4621 argumento
700 4559 764 4607 sunt
781 4555 872 4608 studia
894 4555 923 4608 in
945 4555 1016 4607 libro
1039 4554 1190 4606 identidem
1212 4559 1420 4608 commemorato
1444 4553 1562 4605 collecta
1584 4557 1612 4603 at
1635 4551 1824 4605 adnotationes
1848 4555 1946 4620 quibus

368 4637 403 4690 ad
420 4639 569 4705 marginem
591 4640 684 4692 anecd.
702 4640 789 4693 Bekk.
808 4640 969 4709 exemplaris
988 4638 1104 4708 adpictis
1126 4639 1185 4708 plus
1204 4656 1257 4693 nno
1280 4640 1339 4692 loco
1362 4657 1417 4692 non
1436 4640 1495 4691 sine
1517 4637 1608 4688 fructu
1630 4653 1672 4690 me
1696 4655 1772 4689 usum
1790 4654 1849 4690 esse
1867 4645 1946 4705 grato

367 4721 457 4776 auimo
480 4723 615 4790 profiteor.
661 4724 695 4791 ³⁸)
719 4724 771 4788 Qui
792 4741 851 4778 mos
874 4729 917 4778 est
938 4724 1162 4794 Byzantinorum:
1189 4724 1316 4777 similiter
1339 4726 1388 4778 sad
1409 4725 1519 4776 brevius
1542 4721 1639 4776 Suidaa
1662 4739 1682 4774 a.
1705 4739 1730 4774 v.
1754 4720 1830 4791 λόγος
1853 4722 1879 4774 δὲ
1902 4737 1945 4792 οη-

368 4807 452 4877 μαινιι
466 4803 495 4866 ς’.
515 4801 635 4878 Διαφέρει
646 4807 673 4861 δὲ
692 4807 755 4869 λέξις
772 4809 817 4862 οιαὶ
835 4807 943 4880 λόγος..
955 4848 978 4863 ..

1742 4909 1759 4960 3
