4240 5512
992 329 1316 401 *11*

360 573 506 637 doceant
522 570 683 634 Eiusdem
695 569 817 634 indolis
831 589 904 632 esse
917 567 1049 632 Prcller
1061 573 1157 649 putat
1170 587 1225 630 eae
1239 571 1545 646 commentationes,
1559 573 1690 652 quasN.
1703 573 1742 638 N
1756 575 1941 640 111166161-

360 683 486 747 lacibus
498 680 684 746 rationibus
697 679 878 743 adductus
870 686 957 742 rotor
970 675 1449 761 ,ManuelisMosohopuli
1466 683 1656 762 opuscula
1673 687 1940 765 grammatica’
1986 715 2002 752 6

360 793 553 876 Lipsiaeet
567 792 698 874 Progne
716 789 798 854 1822
815 789 904 854 edita
921 788 1115 852 venditavit.
1132 785 1308 854 Professor
1331 790 1420 853 enim
1435 791 1649 873 Pragensis'
1640 817 1676 856 1n
1699 795 1821 872 codice,
1842 817 1940 879 quem

360 904 471 970 nescio
488 924 552 984 quo
569 923 647 966 casu
663 899 1008 984 Reginaehradecium
1029 898 1256 964 Bohomorum
1277 899 1538 984 (Koeniggraetr
1523 908 1553 984 6)
1507 903 1723 969 tdelatum
1747 906 1788 969 ab
1807 907 1942 972 homine

360 1014 502 1098 6661666
525 1013 762 1094 antiquitatum
783 1011 1040 1086 Bohemicarum
1062 1009 1151 1074 haud
1172 1011 1329 1094 imperito
1347 1021 1527 1095 acceperat,
1552 1035 1628 1080 oum
1650 1016 1716 1080 alia
1730 1017 1942 1100 Moechopnli

362 1127 487 1208 scripta
509 1124 681 1188 invenisse
704 1121 767 1187 sibi
790 1121 970 1198 videretur,
994 1129 1065 1186 tum
1088 1121 1241 1186 libellum
1268 1122 1322 1185 cui
1340 1119 1490 1206 Ἐπιτομὴ
1514 1126 1566 1189 νέα
1588 1132 1796 1210 γραμματικῆς
1819 1130 1942 1194 omisso

361 1235 508 1300 auctoris
531 1235 665 1299 nomine
687 1233 887 1316 inscriptum
911 1239 975 1307 est,
1000 1231 1107 1295 eidem
1131 1231 1259 1296 auctori
1282 1233 1444 1311 attribuit,
1468 1243 1502 1298 61
1524 1237 1685 1319 neglectis
1709 1239 1828 1302 ceteris
1852 1241 1943 1302 omni

361 1345 457 1411 modo
481 1366 615 1428 operam
638 1343 743 1420 dedit,
766 1351 804 1407 ut
826 1341 904 1408 1616
928 1343 1022 1426 66661
1045 1362 1087 1406 ex
1110 1343 1201 1406 16616
1225 1349 1323 1408 66166
1346 1344 1517 1410 obstructo
1541 1347 1706 1430 integram
1729 1349 1942 1432 Moschopuli

358 1458 541 1524 doctrinam
563 1456 720 1521 hauriret.
736 1477 848 1520 crassa
863 1463 976 1519 tamen
991 1454 1149 1518 Minerva
1164 1476 1235 1518 rem
1251 1456 1370 1536 gessit:
1393 1477 1501 1540 neque
1524 1459 1613 1522 enim
1630 1459 1700 1523 eius
1725 1461 1819 1525 cuius
1836 1461 1943 1524 voluit

312 1633 316 1642 ,
359 1569 503 1633 66616616
532 1568 728 1650 opusculum
761 1587 834 1630 esse
861 1567 1014 1648 cuiquam
1041 1565 1210 1647 persuasit
1239 1585 1301 1628 666
1329 1567 1465 1630 omnino
1493 1567 1686 1645 editionem,
1715 1570 1766 1634 uti
1793 1570 1941 1646 debebat,

359 1685 510 1743 accurate
533 1678 686 1742 absolvit.
717 1676 839 1742 sedne
863 1677 898 1740 in
919 1675 1191 1759 reprehendendo
1215 1675 1309 1752 libro,
1338 1678 1395 1759 qui
1427 1679 1516 1742 inter
1544 1686 1595 1744 tot
1621 1681 1811 1744 litterarum
1834 1682 1942 1746 incre-

358 1797 473 1867 menta
500 1796 632 1853 tanturn
659 1810 726 1852 non
749 1787 881 1851 videtur
908 1786 1091 1865 interiisse,
1120 1806 1255 1868 operam
1285 1793 1318 1849 et
1340 1787 1451 1851 oleum
1474 1789 1652 1871 perdamus
1674 1828 1717 1838 -
1739 1813 1823 1874 quae
1846 1801 1941 1857 nota-

359 1902 439 1967 bilia
466 1908 500 1964 et
527 1899 714 1965 reiectanea
741 1899 815 1964 visa
843 1906 935 1976 sunt,
970 1919 1008 1962 ea
1040 1899 1110 1962 1666
1143 1898 1400 1980 praeoccupavit
1427 1899 1457 1962 is
1485 1900 1542 1982 qui
1569 1901 1682 1983 paullo
1710 1911 1788 1984 post
1815 1901 1942 1968 editum

358 2012 511 2077 libellum
527 2032 703 2075 censuram
719 2009 791 2074 eius
807 2011 876 2092 egit
888 2012 932 2087 11).
977 2009 1046 2073 Ν66
1062 2029 1142 2073 vero
1158 2009 1269 2090 ipsum
1285 2009 1446 2073 editorem
1461 2011 1548 2094 fugit
1570 2011 1796 2094 fragmentum
1812 2023 1942 2078 tantum
2019 2083 2020 2098 γ

359 2143 395 2187 66
419 2120 571 2196 edidisse,
596 2121 682 2202 quod
706 2127 740 2184 ot
761 2120 860 2184 titulo
880 2121 953 2201 ipso
969 2117 1187 2197 indicabatur,
1210 2120 1263 2183 661
1279 2120 1443 2184 adiectum
1465 2129 1529 2185 est:
1554 2121 1677 2208 Βιβλίον
1697 2129 1822 2207 πρῶτον,
1843 2147 1942 2207 quem
2018 2111 2020 2130 ¹

361 2232 484 2297 librum
508 2231 681 2296 61166666
706 2231 839 2314 exeipit,
864 2239 897 2294 et
920 2251 962 2294 ex
977 2230 1042 2294 viri
1058 2230 1147 2294 docti
1170 2230 1342 2294 cuiusdam
1357 2231 1570 2297 adnotatione
1582 2236 1617 2314 19)
1641 2234 1823 2312 constabat,
1848 2237 1941 2300 euius
2019 2229 2021 2310 s

359 2345 487 2427 611666
512 2343 605 2407 Titac
628 2365 659 2426 p.
677 2343 716 2405 13
740 2342 897 2424 6116661
920 2341 1099 2406 editionem
1121 2343 1297 2417 recensuit,
1320 2344 1525 2407 mentionem
1549 2344 1684 2420 faciunt,
1708 2367 1783 2427 666
1806 2346 1942 2410 661166

358 2457 518 2530 ¹Veneto
541 2453 744 2518 Marciano
774 2453 925 2535 (catalog.
954 2451 1031 2516 bibl.
1056 2449 1089 2516 S.
1112 2451 1220 2515 Marci
1243 2475 1273 2534 p.
1296 2452 1372 2534 287)
1402 2461 1439 2517 61
1467 2454 1682 2536 epitomem
1709 2455 1821 2519 illam
1854 2477 1941 2520 con·
2020 2478 2021 2499 ³

359 2565 483 2630 tineri
515 2564 693 2628 refertur
720 2569 758 2626 61
789 2563 960 2627 alterum
993 2563 1078 2626 eius
1112 2561 1257 2626 librum
1293 2563 1484 2627 exhiberi.
1531 2563 1635 2629 Cuius
1663 2566 1712 2628 rei
1740 2568 1937 2630 memoriam

359 2676 479 2741 animis
505 2675 704 2752 recolentes,
731 2673 810 2737 dum
830 2673 984 2738 Venetiis
1009 2695 1186 2748 moramur,
1210 2694 1271 2756 ego
1293 2681 1327 2737 et
1347 2672 1574 2739 Guilelmus
1597 2673 1859 2754 Studemund,
1883 2680 1939 2760 661

357 2787 481 2852 librum
492 2787 639 2869 priorem
652 2805 726 2850 cum
739 2784 893 2867 exemplo
907 2785 1058 2848 Titaiano
1071 2784 1112 2848 ad
1125 2783 1271 2850 codicem
1287 2783 1455 2848 Venatum
1474 2785 1730 2867 diligentissime
1742 2788 1938 2864 contulerat,

358 2899 500 2962 alterum
526 2897 649 2960 librum
671 2895 815 2960 fideliter
837 2895 1088 2978 descripsimus,
1117 2895 1221 2959 adiuti
1244 2916 1285 2959 ex
1309 2903 1403 2976 parte
1427 2903 1522 2977 grata
1544 2895 1710 2960 Rudolfi
1739 2895 1939 2963 Schoellii

359 3029 471 3092 opera,
500 3007 619 3072 161616
648 3007 877 3090 apographum
904 3014 1056 3071 nostrum
1085 3027 1161 3071 oum
1189 3003 1300 3070 codice
1327 3005 1449 3068 iterum
1479 3005 1621 3070 contulit
1645 3007 1869 3084 Studemund,
1896 3031 1938 3073 66

359 3119 437 3201 6611
471 3119 592 3182 6666616
630 3117 911 3198 dubitationisque
945 3124 1141 3180 remaneret.
1187 3116 1263 3196 Qua
1299 3114 1409 3198 opella
1435 3114 1523 3178 baud
1552 3117 1619 3181 6616
1652 3138 1694 3180 66
1728 3120 1937 3200 quantulam-

359 3249 500 3312 cumque
523 3228 558 3292 in
581 3227 642 3292 hac
665 3227 861 3310 disciplinae
885 3233 979 3308 parte
1001 3225 1155 3290 lacunam
1179 3226 1374 3309 supplentes
1396 3225 1547 3290 virorum
1569 3226 1742 3291 doctorum
1765 3228 1938 3294 desideriis

361 3339 630 3404 satisfecerimus.
676 3337 835 3402 Ceterum
863 3337 904 3400 ad
930 3344 1080 3401 nostram
1107 3358 1213 3419 66666
1240 3343 1384 3400 aetatem
1410 3357 1471 3418 per
1498 3343 1549 3400 tot
1575 3338 1682 3402 lustra
1708 3338 1770 3403 hoc
1793 3341 1938 3404 officium

358 3457 567 3515 reservatum
595 3449 698 3514 fuisse
725 3469 793 3512 non
821 3447 1010 3524 mirabitur,
1045 3449 1101 3530 qui
1129 3455 1187 3512 aut
1215 3457 1330 3511 eornm
1353 3447 1483 3528 quibis
1512 3447 1631 3511 studiis
1655 3471 1790 3531 operam
1812 3459 1939 3514 navant

358 3559 559 3641 paucitatem
582 3561 715 3625 noverit
738 3567 794 3623 aut
818 3580 932 3623 eorum
955 3559 1011 3641 qui
1035 3580 1073 3622 66
1094 3560 1253 3643 ignorant
1275 3557 1456 3622 fastidium.

445 3668 557 3736 Codex
588 3672 692 3754 igitur
718 3670 871 3734 Venetus
898 3670 1089 3734 Marcianus
1119 3669 1277 3734 DXXXI
1305 3669 1499 3733 chartaceus
1533 3670 1639 3733 forma
1666 3671 1826 3752 quadrata
1855 3694 1938 3736 6666.

358 3778 532 3843 XV-XVI
559 3781 696 3846 miscell.
732 3782 840 3861 (cuius
869 3787 902 3843 61
928 3781 1034 3863 166166
1058 3781 1151 3844 Titne
1173 3802 1203 3863 p.
1229 3781 1269 3842 13
1291 3781 1497 3844 mentionem
1520 3781 1611 3858 16611)
1635 3780 1712 3843 1616
1741 3781 1861 3846 616116
1884 3783 1938 3846 80v

359 3912 465 3972 usque
494 3891 534 3954 ad
557 3891 750 3956 1611666688*
773 3892 888 3956 eadem
914 3912 1015 3956 manu
1044 3899 1077 3954 et
1105 3891 1250 3974 scriptus
1278 3900 1312 3954 et
1338 3890 1464 3973 passim
1487 3898 1655 3956 correctus
1682 3891 1769 3955 haud
1793 3892 1938 3958 difficilis

359 4011 412 4066 est
444 4001 485 4064 ad
515 4001 693 4084 legendum
728 4002 786 4070 sed
823 4003 1007 4086 scripturae
1042 4001 1247 4086 compendiis
1281 4000 1483 4084 abundat20).
1529 4001 1729 4066 Continetur
1763 4002 1814 4066 his
1848 4003 1938 4068 161116

359 4112 485 4194 ἐπιτομὴ
514 4113 565 4175 νέα
587 4119 793 4196 γραμματικῆς
816 4122 868 4178 616
869 4163 969 4180 .....
994 4115 1104 4199 βιβλίον
1131 4119 1246 4197 πρῶτον
1270 4133 1297 4177 o.
1321 4135 1349 4194 q.
1372 4134 1396 4177 s.
1411 4143 1445 4166 =
1461 4113 1554 4176 Titne
1577 4113 1597 4175 l.
1621 4134 1646 4176 c.
1670 4135 1699 4195 p.
1718 4107 1818 4176 17-43
1833 4136 1937 4196 66666

359 4221 400 4286 61
426 4222 593 4288 verba—
617 4247 654 4305 με
658 4225 752 4297 fero<
779 4227 829 4287 καὶ
855 4226 1004 4309 τυγχάνει,
1033 4224 1120 4288 unde
1149 4224 1330 4288 nonnullae
1358 4223 1606 4288 emendationes
1635 4223 1938 4308 611166666661166

360 4332 400 4395 61
423 4341 617 4399 contextum
641 4334 829 4398 Tibarenum
857 4335 1052 4400 redundant
1030 4334 1193 4416 tQuae
1220 4335 1404 4399 verbasta
1371 4335 1465 4398 latim
1493 4335 1528 4397 in
1557 4334 1670 4399 eadem
1698 4336 1821 4420 pagina
1848 4337 1936 4400 exci-

358 4441 494 4524 piuntur
517 4445 628 4510 titulo:

1587 4545 1606 4607 1

463 4665 1190 4739 11)(16611166.66161661.666616.111236801-11111.
1232 4669 1506 4737 11)Β11)11611ι61166
1529 4671 1666 4734 altrat
1621 4672 1653 4724 lit
1655 4675 1758 4724 teratur
1780 4671 1834 4724 und
1856 4672 1938 4724 kunst

360 4753 417 4821 Ip.
435 4754 476 4806 32.
513 4755 546 4820 ²⁰)
563 4757 577 4807 I
595 4757 749 4826 subscripta
766 4757 867 4824 ubique
887 4759 986 4810 omissa
1003 4761 1078 4820 6661
1106 4757 1278 4825 periodorum
1297 4757 1429 4810 1611161
1396 4757 1442 4808 litt
1431 4761 1506 4808 16666
1528 4759 1623 4810 rulrao
1643 4757 1806 4810 minusculae
1825 4758 1897 4826 posit
1899 4773 1937 4822 ac,

358 4837 462 4892 eisdem
480 4839 525 4892 litt
514 4842 579 4893 16616
597 4843 718 4908 capitum
736 4842 956 4912 singularumque
974 4849 1037 4912 part
1026 4843 1198 4897 ticulerumt
1201 4843 1260 4894 11611
1279 4843 1368 4895 ornati
1387 4847 1457 4894 eunt.

1701 4941 1734 4998 2*

1989 766 2003 804 l
