4240 5512
275 547 474 614 vocabulum
496 551 533 614 in
556 550 735 635 synonymi
762 550 874 616 locum
901 550 1078 634 suecessit)
1106 571 1174 614 non
1202 549 1349 632 quidde
1376 550 1593 638 hompnymo,
1627 550 1685 616 sed
1714 550 1792 635 quid
1814 551 1855 616 de

274 657 348 740 ipso
372 661 550 744 synonymi
572 661 733 727 vocabulo
756 661 814 727 illo
838 661 1014 737 senserint,
1037 660 1151 726 audire
1178 661 1276 726 velis:
1315 661 1442 726 accedit
1469 662 1556 744 quod
1584 663 1624 728 de
1652 663 1854 748 homonyme

274 770 369 835 nulla
390 771 588 856 disceptatio
612 780 677 849 est,
705 793 780 838 eum
807 771 848 837 de
875 793 1063 856 synonymo
1091 771 1290 836 dissensisse
1317 771 1394 837 illos
1422 772 1630 840 evicerimus.
1685 771 1798 854 Quare
1826 775 1855 836 si

274 887 415 966 utroque
437 885 512 948 loeo
534 905 595 967 pro
620 886 767 967 ὁμώνυμα
790 883 1004 950 substituetis
1027 885 1199 966 συνώνυμα,
1227 881 1315 947 haud
1344 883 1412 948 scio
1439 903 1482 948 an
1503 880 1655 948 definitio
1678 904 1753 948 cum
1776 884 1854 948 Ari-

276 993 417 1058 stotelea
438 993 505 1058 iam
527 994 626 1077 plane
649 995 844 1060 consentiat.
871 1015 980 1077 neque
1008 995 1098 1059 enim
1125 994 1279 1077 exempla
1307 1015 1391 1076 quae
1419 994 1573 1078 apposita
1595 1001 1675 1060 sunt
1696 993 1855 1079 ἅνθρωπος

275 1101 366 1172 ἵππος
388 1103 502 1189 ἔλαφος
524 1105 651 1170 distant
672 1105 713 1170 ab
729 1105 938 1171 Aristotelis:
973 1105 1130 1190 ἅνθρωπος
1154 1107 1233 1191 βοᾶς,
1257 1113 1291 1170 et
1312 1105 1396 1189 γένος
1418 1126 1487 1171 vox
1502 1104 1543 1169 de
1566 1125 1687 1188 genere
1709 1105 1778 1184 illo,
1802 1105 1855 1170 cui

276 1213 403 1296 speeies
427 1216 578 1294 subsunt,
601 1216 689 1282 dicta
710 1215 852 1294 videtur,
880 1215 1010 1281 nonde
1036 1215 1220 1282 masculino
1243 1215 1404 1282 feminino
1428 1223 1558 1294 neutro,
1586 1237 1651 1298 quo
1676 1215 1855 1281 scholiasta

276 1344 389 1390 errore
412 1325 659 1392 circumductus
683 1348 756 1392 eam
778 1326 950 1393 rettulisse
973 1326 1141 1410 putandus
1164 1333 1223 1392 est.

376 1437 560 1522 Paronymi
583 1436 732 1502 definitio
756 1444 790 1501 et
811 1437 885 1520 ipsa
907 1458 950 1502 ex
964 1437 1159 1502 Aristotelis
1182 1436 1266 1502 libro
1290 1443 1424 1521 sumpta
1445 1436 1526 1502 haec
1549 1441 1614 1502 est:
1631 1435 1699 1500 Ἔτι
1721 1439 1854 1522 παρώνυ-

275 1569 329 1628 μον
353 1548 368 1610 δ
393 1547 452 1610 ἀπό
475 1571 553 1617 τινος
576 1549 717 1636 διαφέρον
740 1556 780 1632 τῇ
801 1551 912 1612 πτώσει
934 1549 987 1632 τὴν
1011 1547 1089 1612 κατὰ
1110 1546 1242 1630 τοῦνομα
1263 1548 1465 1632 προσηγορίαν
1488 1547 1555 1632 ἔχει
1570 1551 1610 1616 a:
1634 1547 1692 1610 ἀπὸ
1717 1548 1854 1631 ἀνδρείας

274 1657 417 1742 ἀνδρεῖος.
460 1658 538 1724 Non
560 1659 664 1743 igitur
685 1659 773 1724 idem
796 1660 877 1724 haec
900 1659 1097 1744 paronymia
1119 1666 1217 1723 sonat
1239 1665 1337 1741 atque
1360 1657 1520 1743 Dionysii
1542 1657 1613 1734 635,
1639 1657 1693 1721 17;
1727 1657 1853 1742 Παρώ-

273 1790 385 1850 νυμον
409 1769 440 1833 δέ
463 1769 524 1832 ἐστι
546 1771 580 1832 sd
604 1769 674 1855 παρ’
702 1769 797 1854 ὄνομα
819 1772 838 1854 ἢ
863 1775 903 1840 ώς
925 1771 956 1840 ἐξ
980 1771 1127 1853 ὀνόματος
1148 1768 1283 1852 ποιηθέν.
1312 1767 1370 1833 sed
1398 1768 1499 1834 etiam
1521 1767 1769 1856 memorabilius
1793 1775 1867 1843 est,¹

273 1877 360 1959 quod
370 1900 591 1963 paronymum
605 1881 801 1966 aDionysio
818 1883 907 1945 inter
923 1879 988 1966 εἴδη
1005 1883 1082 1945 κατὰ
1094 1882 1197 1966 φωνὴν
1214 1879 1356 1944 relatum
1373 1879 1409 1943 in
1425 1878 1573 1962 epitoma
1590 1878 1680 1944 inter
1695 1877 1759 1962 εἴδη
1778 1875 1855 1940 κατὰ

273 1991 422 2073 σημασίαν
438 1991 603 2056 insertum
615 1999 675 2056 est.
702 1990 807 2056 Cuius
823 1990 1066 2075 discrepantiae
1082 1991 1195 2058 variae
1211 2001 1353 2074 possunt
1370 1990 1509 2073 cogitari
1525 2011 1656 2055 causae:
1678 1996 1712 2054 et
1723 1989 1855 2053 Aristo·

224 2163 234 2180 ,
273 2101 349 2165 telis
361 2101 401 2166 de
412 2123 477 2185 qua
487 2101 633 2167 diximus
645 2103 826 2168 auctoritas
839 2111 873 2168 et
882 2103 988 2187 ipsius
998 2103 1176 2188 paronymi
1185 2102 1313 2167 incerta
1323 2122 1361 2166 ae
1371 2100 1472 2166 dubia
1482 2099 1639 2166 condicio.
1668 2099 1855 2166 Oumenim

272 2211 420 2294 reliquae
436 2212 663 2280 derivatorum
680 2214 820 2298 speeies:
844 2214 1077 2299 patronymica
1092 2213 1299 2278 deminutiva
1314 2211 1507 2294 possessiva
1518 2233 1578 2276 sua
1590 2232 1739 2295 quaeque
1750 2213 1857 2276 forma

273 2343 311 2386 ac
326 2321 487 2405 peculiari
510 2324 754 2406 significatione
776 2331 923 2401 utantur,
946 2324 1046 2389 huius
1070 2325 1186 2390 classis
1209 2324 1353 2389 ambitus
1369 2333 1438 2389 tam
1459 2324 1527 2389 late
1549 2329 1651 2407 patet,
1673 2329 1712 2388 ut
1734 2322 1857 2388 similia

272 2432 449 2499 dissimilia
470 2434 613 2519 denique
635 2473 676 2482 -
699 2442 736 2501 ut
759 2437 806 2500 ait
820 2435 959 2500 Lobeoh
980 2436 1001 2499 l.
1025 2457 1050 2500 c.
1073 2458 1104 2520 p.
1120 2436 1162 2500 56
1181 2473 1223 2482 —-
1244 2434 1403 2518 quidquid
1427 2435 1549 2517 reliqui
1564 2441 1644 2510 erat,
1668 2434 1764 2516 quasi
1778 2455 1854 2498 cen-

274 2566 348 2608 sum
363 2553 501 2629 agentes
516 2546 553 2611 in
573 2568 646 2612 eam
668 2548 874 2631 constipasse
896 2546 1075 2614 videantur
1095 2546 1312 2631 grammatici.
1338 2546 1389 2610 Ao
1416 2566 1491 2610 cum
1518 2546 1663 2632 quinque
1678 2545 1854 2629 paronymi

273 2657 401 2739 species
417 2657 537 2740 quibus
553 2658 703 2724 scholion
719 2658 760 2722 ad
773 2659 913 2744 Dionys.
929 2681 960 2742 p.
972 2659 1067 2736 858,1
1083 2658 1218 2742 propria
1229 2657 1366 2722 nomina
1382 2656 1549 2722 attribuit:
1565 2655 1854 2741 usqistidedeina&

274 2769 504 2850 percontaturus&
520 2769 603 2854 κώρια
619 2769 695 2834 κατὰ
717 2774 769 2832 τοῦ
793 2769 884 2833 αὐτοῦ
900 2776 1031 2834 tantum
1046 2790 1115 2834 non
1130 2790 1247 2834 omnes
1263 2768 1304 2833 ad
1320 2768 1460 2833 alteram
1475 2767 1550 2832 κατὰ
1566 2768 1713 2852 σημασίαν
1731 2767 1853 2832 seriem

272 2879 471 2961 pertineant,
494 2879 628 2946 dubium
647 2901 726 2946 sane
742 2887 874 2964 poteret
890 2901 963 2946 esse
979 2902 1021 2945 an
1036 2902 1268 2967 paronymum,
1292 2879 1379 2964 quod
1394 2879 1469 2944 illas
1492 2878 1713 2962 amplectitur,
1737 2877 1852 2944 eodem

272 2990 483 3056 referendum
512 2997 610 3057 esset.
653 2992 831 3076 Epitomae
858 2999 971 3058 tamen
999 2998 1123 3070 auctor,
1151 3012 1194 3057 ne
1221 3012 1345 3059 novam
1377 2989 1457 3056 dum
1490 2990 1580 3056 viam
1613 2989 1801 3074 ingreditur
1833 3008 1853 3051 a

271 3100 430 3188 Dionysii
441 3101 594 3186 vestigiis
604 3103 694 3168 iusto
706 3103 839 3188 longius
851 3102 1005 3169 recedere
1017 3103 1197 3182 videretur,
1212 3104 1334 3168 iterum
1353 3103 1442 3167 inter
1457 3102 1586 3186 species
1598 3122 1682 3184 quae
1697 3099 1775 3164 κατὰ
1790 3123 1851 3185 φω-

271 3212 324 3295 νὴν
340 3221 505 3279 vooantur
515 3213 692 3299 paronymi
703 3215 898 3280 memoriam
910 3215 962 3280 his
974 3214 1087 3280 verbis
1101 3214 1292 3281 renovavit:
1317 3212 1511 3297 Ὁρισοὶμενοι
1526 3214 1561 3274 τὸ
1576 3215 1756 3296 παρώνυμον
1780 3210 1850 3294 πρό-

271 3346 355 3407 τερον
372 3323 457 3393 αὖθις
478 3325 602 3409 λέγομεν
619 3325 635 3388 ὃ
651 3331 844 3411 γραμματικῇ
867 3327 900 3408 (i.
913 3348 940 3391 e.
953 3327 1133 3410 Dionysio)
1157 3327 1241 3388 δοκεῖ
1259 3326 1326 3409 περὶ
1348 3327 1449 3388 redde:
1474 3322 1532 3420 sed
1549 3324 1727 3406 quominus
1744 3329 1852 3386 totum

270 3433 382 3499 locum
404 3456 624 3519 apponamus,
658 3439 715 3520 qui
742 3460 760 3504 e
788 3437 915 3504 duobus
945 3437 1080 3503 scholiis
1104 3458 1177 3502 sese
1204 3435 1449 3520 excipientibus
1471 3433 1700 3512 857,30=858,7
1723 3441 1758 3498 et
1778 3433 1851 3509 858,

271 3544 353 3609 9-20
374 3568 444 3611 non
465 3547 579 3631 inepte
602 3549 805 3632 compositus
829 3556 889 3626 est,
913 3549 1066 3632 angustis
1089 3549 1187 3613 huius
1210 3547 1316 3613 libelli
1338 3547 1461 3612 finibus
1476 3547 1699 3630 prohibemur.

373 3658 446 3722 Iam
468 3666 506 3723 ut
529 3657 570 3722 ad
592 3658 722 3748 reliqua
743 3660 946 3743 progrediar,
969 3668 1046 3744 post
1067 3679 1266 3744 paronyma,
1295 3663 1378 3740 quae
1401 3656 1639 3723 vocabulorum
1660 3657 1697 3720 in
1720 3679 1850 3740 -ωνυμον

271 3769 545 3851 ώυεὶυυιιιὶυιαῃ)
580 3791 701 3854 agmen
723 3771 896 3848 claudunt,
929 3773 1077 3855 reliquae
1105 3771 1233 3854 species
1260 3769 1359 3854 plane
1382 3767 1498 3834 eodem
1512 3767 1636 3833 ‘ordine
1660 3767 1850 3852 eisdemque

271 3880 394 3958 verbis,
417 3880 536 3964 quibus
552 3881 738 3967 Dionysius
754 3905 784 3967 p.
796 3880 859 3948 637
874 3884 990 3960 utitur,
1014 3882 1199 3966 explicatae
1216 3887 1308 3960 sunt;
1331 3880 1433 3964 digna
1447 3886 1567 3957 autem,
1592 3901 1675 3964 quae
1697 3881 1733 3944 in
1755 3879 1850 3946 brevi

272 3991 436 4074 epitomae
460 3999 657 4076 argumento
681 3994 768 4076 quod
790 3995 930 4079 promisi
953 4001 1264 4071 commemorentur,
1292 3993 1374 4056 haee
1403 3998 1494 4056 sunt:
1531 3991 1616 4057 Post
1642 3991 1851 4076 interrogabat

273 4103 429 4183 (πευστικὰ
452 4103 677 4189 ἑρυτηματυια)
701 4105 960 4189 explicationem
982 4105 1173 4172 dissertatio
1196 4105 1324 4169 inserta
1346 4109 1410 4168 est:
1435 4102 1546 4187 ἀπορία
1569 4103 1620 4166 διὰ
1641 4105 1729 4166 ποίαν
1752 4101 1848 4164 αἰτίαν

271 4213 302 4283 ἐξ
327 4214 473 4298 ὀνόματος
494 4217 545 4279 καὶ
567 4215 768 4301 ἐπιρρήματος
792 4217 882 4300 μόνον
905 4217 1049 4282 recocta&
1070 4218 1212 4299 γίγνεταιῑ
1241 4213 1409 4298 descripta
1431 4235 1470 4279 ea
1491 4214 1625 4296 quidem
1647 4209 1850 4278 adverbum

270 4324 339 4389 fere
369 4347 412 4390 ex
433 4326 607 4410 Apollonii
633 4327 803 4411 prooemio
830 4350 861 4412 p.
886 4327 1114 4406 leat-mc
1143 4327 1237 4392 ouius
1264 4326 1410 4410 priorem
1432 4332 1561 4410 partem
1584 4347 1604 4390 a
1625 4321 1851 4407 grammaticis

271 4435 404 4519 saepius
426 4421 703 4520 repetitam'esse
726 4460 828 4522 supra
850 4439 1067 4506 ostendimus.

373 4641 405 4708 11)
420 4639 549 4710 ὁμώνυμα
566 4641 707 4712 συνώνυμα
719 4643 861 4716 φερώνυμα
882 4642 1006 4715 ἐπώνυμοι
1026 4645 1142 4715 διώνυμα
1159 4642 1356 4712 πολυώνυμα
1376 4641 1563 4712 ἑτερώνυμα
1583 4639 1738 4710 παρώνυμα.
1756 4635 1848 4709 &epdi-

271 4745 340 4797 νυμα
362 4746 378 4779 a
395 4727 525 4796 Dionysio
545 4729 645 4780 omissa
661 4729 816 4785 huiusmodi
834 4733 910 4782 sunt:
930 4730 1212 4801 ἀνάβασιςαατάβασις.
1230 4730 1278 4782 sod
1296 4730 1434 4784 notionem
1452 4727 1534 4779 latius
1552 4731 1645 4794 patere
1665 4729 1787 4778 constat:
1814 4721 1850 4774 ἔτι

272 4811 431 4882 ἑτερώνυμυν
450 4809 549 4880 λέγεται
567 4841 598 4851 -
617 4813 706 4880 inquit
724 4817 841 4883 epitoma
870 4845 902 4856 -
932 4815 969 4867 ὧν
988 4817 1017 4870 τό
1035 4836 1063 4869 τε
1081 4816 1164 4886 ὄνομα
1183 4814 1267 4884 ἕτερον
1285 4813 1330 4865 καὶ
1349 4811 1362 4864 δ
1380 4811 1447 4864 κατὰ
1464 4808 1579 4881 1τοώνομα
1605 4809 1681 4880 λόγος
1697 4815 1745 4880 τῆς
1764 4807 1850 4866 υδσίας

270 4894 361 4966 impos,
382 4895 491 4968 διάφορα
509 4895 622 4968 ἐχόντων
640 4895 673 4948 τὰ
690 4895 854 4968 ὑποκείμενα.
