4240 5512
420 1111 626 1232 Dionysii
658 1146 825 1210 Thracis
865 1165 948 1226 quae
982 1153 1120 1210 vocatur
1159 1146 1419 1230 grammatica
1451 1149 1570 1228 graeca
1602 1145 1819 1210 Immanuelis
1853 1145 2002 1210 Bekkeri

420 1258 654 1323 anecdotorum
677 1277 871 1340 graccorum
894 1255 1060 1321 volumini
1083 1256 1179 1321 alteri
1202 1279 1232 1340 p.
1248 1255 1417 1322 casa-643
1439 1259 1574 1336 inserta,
1599 1279 1664 1340 qua
1686 1264 1794 1321 aetate
1818 1257 2012 1340 composital

423 1370 481 1447 sit,
510 1391 573 1452 quo
596 1369 702 1451 magis
731 1369 815 1433 seire
843 1367 937 1432 iuvat
959 1365 1000 1429 ad
1026 1366 1208 1448 primordia
1234 1369 1316 1432 artis
1344 1370 1580 1452 grammaticae
1608 1390 1746 1452 graecae
1774 1377 1863 1434 recte
1887 1367 2003 1451 digno-

423 1480 552 1557 scenda,
582 1501 620 1544 eo
642 1479 751 1562 magis
773 1477 951 1543 dolendum
976 1484 1035 1551 est,
1064 1477 1151 1557 quod
1174 1500 1382 1562 nequaquam
1405 1481 1493 1544 inter
1517 1481 1608 1546 viros
1632 1480 1746 1544 doctos
1769 1486 1908 1544 constat.
1954 1479 2003 1542 Ac

420 1593 449 1656 si
477 1591 695 1674 grammatica
722 1590 752 1654 ei
778 1589 906 1653 auctori
929 1587 1118 1663 deberetur,
1143 1589 1237 1653 cuiu's
1261 1612 1384 1656 nomen
1407 1613 1487 1674 prae
1511 1612 1546 1656 se
1569 1591 1648 1666 fert,
1672 1591 1830 1674 Dionysii
1854 1590 2014 1664 [111υυοίυ1

419 1724 516 1785 quem
539 1701 673 1784 quidem
696 1698 817 1766 Suidas
841 1723 866 1764 s,
890 1723 919 1764 v.
933 1703 952 1779 ¹)
976 1697 1165 1764 Aristarchi
1191 1702 1393 1787 discipulum
1415 1701 1518 1767 fuisse
1541 1709 1575 1765 et
1598 1701 1739 1784 Pompei
1754 1700 1871 1784 Magni
1895 1709 2014 1792 aetate}

418 1813 453 1875 in
481 1813 593 1877 insula
614 1811 733 1876 Rhodo
763 1811 893 1876 scholas
920 1811 1078 1880 habuisse
1106 1816 1265 1891 affirmat,
1289 1813 1539 1878 Alexandrinae
1567 1811 1763 1876 cruditionis
1794 1811 2003 1893 optimaeque

418 1932 516 1990 notae
544 1923 741 1988 haberemus
762 1922 1022 2014 documentum,
1052 1949 1116 2008 quo
1145 1925 1304 2010 quidquid
1331 1925 1481 2008 priorum
1509 1931 1699 2006 temporum
1725 1921 1876 1986 doctrina
1903 1921 1937 1983 in
1965 1941 2004 1982 ea

419 2041 490 2098 arte
514 2033 721 2117 profecisset,
745 2033 840 2115 quasi
862 2034 924 2098 sub
947 2057 1051 2100 unum
1074 2045 1291 2121 conspectum
1314 2035 1485 2100 redactum
1508 2040 1605 2098 esset.
1650 2035 1700 2096 At
1714 2040 1813 2098 vetus
1836 2041 1887 2096 est
1909 2031 2003 2095 dubi-

417 2145 500 2208 tatio
528 2165 609 2208 num
637 2144 770 2209 concisa
801 2143 861 2208 illa
876 2139 1044 2212 ”doctrina
1075 2171 1159 2230 quae
1187 2165 1268 2218 xxv
1301 2145 1520 2230 paragraphis
1555 2146 1746 2209 continetur
1782 2143 1848 2225 ipsi
1882 2141 2003 2205 Thraci

419 2263 509 2320 recte
532 2255 742 2320 attribuatur.
787 2253 877 2320 Sane
900 2257 967 2322 iam
993 2259 1030 2322 in
1053 2261 1208 2343 congerie
1232 2257 1443 2333 scholiorum,
1467 2278 1550 2340 quae
1574 2278 1616 2320 ca
1638 2255 1808 2320 variorum
1831 2262 2004 2318 auctorum

417 2365 685 2450 hypomnematis
719 2367 862 2431 conflata
895 2370 1147 2450 grammaticam
1180 2368 1257 2434 inde
1285 2390 1305 2434 a
1331 2388 1405 2451 pag.
1432 2367 1494 2430 647
1524 2365 1632 2430 Bekk.
1661 2365 1847 2448 excipiunt,
1881 2363 2005 2446 legitur

415 2497 446 2558 p.
478 2475 589 2554 672²):
640 2476 782 2540 Θέλουσιν
817 2476 868 2540 οὖν
905 2501 981 2549 τινες
1019 2481 1059 2563 μὴ
1099 2480 1173 2544 εἶναι
1210 2481 1330 2563 γνήσιον
1369 2482 1421 2542 τοῦ
1455 2479 1571 2562 Θρᾳκὸς
1609 2477 1643 2538 τὸ
1676 2477 1770 2560 παρὸν
1811 2476 2002 2560 σύγγραμμα·

418 2606 526 2668 nequo
557 2585 698 2668 suspitio
723 2585 827 2650 semel
853 2595 944 2652 mota
972 2569 1140 2654 conticuit.
1185 2592 1237 2654 Ae
1260 2590 1427 2665 libellum,
1451 2609 1549 2670 quem
1573 2587 1774 2652 discentium
1797 2586 1874 2650 usui
1896 2587 2002 2649 inser-

415 2698 518 2763 viisse
547 2697 766 2782 manibusque
799 2720 860 2782 per
894 2707 944 2764 tot
978 2703 1111 2766 saecula
1132 2702 1252 2766 tritum
1285 2722 1359 2766 esse
1388 2707 1528 2776 constat,
1556 2700 1591 2762 in
1620 2699 1796 2762 arctiorem
1824 2696 2004 2780 epitomem

416 2809 542 2892 passim
582 2816 791 2876 contractum
836 2812 963 2895 passim
1001 2812 1110 2878 invita
1147 2813 1305 2877 Minerva
1338 2810 1513 2874 adauctum
1552 2810 1831 2890 immutatumque
1869 2806 2004 2890 pristini

416 2919 536 2984 nitoris
553 2920 761 3002 aliquantum
775 2921 872 2986 facile
888 2923 1050 3001 amisisse,
1074 2925 1148 3006 quis
1164 2922 1288 3005 estqui
1311 2921 1433 3005 neget?
1456 2918 1543 3003 quod
1565 2929 1677 2984 tamen
1693 2940 1760 2982 non
1783 2919 1831 2982 ita
1852 2916 2004 2999 intellegi

416 3031 520 3120 velim
543 3031 639 3112 quasi
661 3031 795 3097 nativae
818 3031 989 3098 doctrinae
1011 3034 1079 3098 iam
1100 3057 1163 3100 nec
1179 3035 1255 3100 vola
1270 3055 1332 3098 nec
1347 3031 1529 3115 vestigium
1551 3031 1588 3095 in
1610 3051 1649 3095 eo
1665 3031 1819 3114 supersit.
1863 3028 2004 3092 Rectam

416 3141 521 3224 igitur
549 3142 638 3206 viam
666 3142 923 3227 argumentandi
950 3145 1017 3208 iam
1039 3144 1254 3225 Lerschius³)
1278 3142 1411 3209 videtur
1438 3142 1610 3225 ingressus
1640 3162 1728 3216 osse,
1757 3141 1813 3222 qui
1842 3150 2003 3221 quantum

419 3251 460 3316 ab
483 3273 522 3315 ea
545 3246 701 3335 opinione
724 3254 864 3330 recedit,
888 3276 953 3336 qua
974 3256 1074 3339 plane
1096 3255 1280 3339 genuinum
1302 3276 1386 3338 opus
1409 3252 1570 3318 traditum
1592 3272 1665 3317 esse
1689 3251 1849 3326 creditur,
1873 3258 2003 3313 tantum

419 3361 460 3428 ab
483 3363 531 3427 eis
554 3361 711 3428 dissentit
733 3365 798 3446 qui,
825 3373 860 3429 ut
884 3364 1086 3448 Goettlingii
1111 3367 1221 3432 verbis
1243 3374 1328 3442 utar,
1351 3373 1457 3430 totam
1479 3363 1730 3446 grammaticam
1750 3368 1937 3436 ‚centonem
1960 3379 2002 3423 ex

418 3474 537 3554 pannis
564 3483 634 3538 tam
657 3481 809 3540 veterum
838 3497 937 3559 quam
970 3478 1195 3542 recentiorum
1222 3473 1524 3559 grammaticorum'
1547 3473 1737 3557 Byzantina
1770 3480 1878 3537 aetate
1913 3491 2001 3534 com-

418 3583 562 3664 positam
578 3605 651 3650 esse
667 3595 795 3668 putant.
833 3586 950 3669 Nuper
964 3587 1149 3652 Mauricius
1166 3586 1320 3652 Schmidt
1335 3587 1371 3651 in
1386 3585 1621 3651 dissertatione
1637 3582 1677 3648 de
1693 3584 1857 3667 Dionysio
1874 3581 2002 3646 Thrace

418 3695 609 3778 conscripta
631 3704 665 3760 et
679 3696 857 3779 Philologo
875 3695 1127 3781 Gottingensi4)
1151 3699 1278 3762 inserta
1294 3697 1435 3780 singulis
1459 3696 1696 3779 grammaticae
1719 3692 1883 3776 capitibus
1906 3713 2001 3756 accu-

419 3815 491 3867 rate
514 3807 713 3871 examinatis
737 3807 903 3889 simulque
926 3808 975 3872 eis
993 3829 1076 3890 quae
1098 3809 1165 3872 iam
1189 3817 1266 3872 ante
1290 3830 1366 3872 eum
1390 3805 1635 3889 aGoettlingio
1659 3804 1891 3870 Schoemanno
1909 3801 2002 3866 Clas·

420 3935 500 3978 seno
523 3913 666 3980 Lehrsio
689 3918 764 3983 aliis
791 3919 828 3982 in
850 3928 1025 4000 utramque
1053 3929 1182 4003 partem
1206 3919 1375 4002 disputata
1398 3927 1502 3994 erant,
1527 3916 1588 3981 sub
1611 3936 1752 3980 examen
1776 3915 1904 3980 vocatis
1921 3915 2002 3977 Dio-

422 4025 512 4109 nysii
540 4045 640 4108 quam
666 4036 788 4094 vocant
820 4029 1073 4112 grammaticam
1106 4031 1146 4095 ab
1173 4031 1247 4115 ipso
1271 4029 1399 4094 Thrace
1434 4028 1652 4112 compositam
1686 4047 1759 4092 esse
1793 4032 1851 4090 aut
1885 4026 2003 4090 saltem

525 4269 542 4333 ¹)
564 4261 696 4325 Λιουὺσιος
711 4262 909 4338 Ἀλεξανδρεύς,
929 4265 997 4339 Θρᾷξ
1015 4267 1087 4320 aaut
1106 4272 1153 4337 τῆς
1170 4268 1290 4338 πατρίδος
1309 4265 1412 4339 Τρήρου
1436 4270 1487 4332 (ita
1508 4267 1625 4322 coniecit
1644 4267 1679 4320 M.
1698 4266 1822 4318 Schmidt
1834 4265 1930 4318 Philol.
1949 4265 2004 4318 VII

421 4351 513 4420 [1852]
537 4370 562 4422 p.
581 4353 631 4406 361
651 4383 681 4389 -
702 4352 779 4404 codd.
799 4353 910 4405 Suidao:
947 4353 1060 4406 ἀπὸτοῦ
1082 4351 1178 4423 πατρὸς
1197 4350 1284 4426 Τήρου
1303 4350 1400 4423 Τήρος)
1418 4350 1533 4422 τοῦνομα
1550 4350 1668 4422 κληθείς,
1685 4349 1854 4422 Ἀριστάρχου
1875 4348 2003 4422 μαθητής,

419 4436 603 4506 γραμματικός,
627 4435 655 4495 ὃς
673 4435 847 4508 ὲσορίσττυστν
872 4435 897 4487 ἐν
912 4433 999 4508 Ῥόδῳ
1020 4439 1057 4505 (v.
1071 4434 1181 4510 Ῥώμῃ)
1205 4438 1245 4491 ἐπὶ
1264 4435 1400 4508 Πομπηίου
1423 4443 1468 4489 τοῦ
1489 4437 1601 4507 μεγάλου
1620 4438 1664 4489 καὶ
1683 4435 1823 4508 ἐξηγήσατο
1842 4431 2004 4507 Τυρανν1τυντ

413 4521 457 4589 ’τῷ
479 4522 607 4592 προτέρῳ·
635 4520 752 4582 συνέταξε
775 4521 802 4574 δὲ
824 4520 929 4574 πλεῖστα
952 4525 1117 4592 γραμματικά
1138 4541 1166 4574 τε
1192 4525 1236 4575 καὶ
1260 4523 1450 4593 συνταγματικά
1467 4523 1512 4575 καὶ
1531 4523 1713 4595 ὑπομνήματα.
1749 4525 1769 4588 ²)
1793 4521 1840 4574 cfr.
1859 4522 2003 4574 Mauricius

419 4603 544 4658 Schmidt
561 4607 659 4660 Philol.
673 4607 742 4660 VHI
760 4624 784 4676 p.
803 4608 862 4672 511,
881 4607 995 4660 Preller:
1016 4608 1194 4672 Quaestiones
1212 4610 1245 4662 de
1264 4609 1358 4662 histor.
1378 4625 1490 4676 gramm.
1509 4609 1648 4678 Byzantio.
1667 4608 1780 4661 adiectis
1798 4607 1907 4662 ineditis
1922 4607 2003 4658 Ham-

417 4691 598 4758 burgeusibus
620 4693 732 4762 Dorpat.
752 4693 819 4747 1840
837 4710 862 4761 p.
880 4694 905 4746 4.
941 4693 962 4760 ³)
981 4693 1255 4762 Sprachphilosophie
1274 4695 1302 4746 lI
1319 4696 1352 4747 64
1369 4713 1404 4747 ss.
1428 4695 1459 4746 ef.
1479 4693 1648 4747 (lraelenhan
1668 4692 1824 4760 geschichte
1843 4693 1891 4744 der
1909 4693 1999 4744 classi·

418 4775 502 4828 schen
522 4775 670 4844 philologis
689 4777 703 4830 1
720 4779 778 4831 tet.
815 4779 836 4844 ⁴)
855 4777 916 4834 Vol.
934 4778 989 4831 VH
1007 4798 1033 4848 p.
1052 4781 1103 4833 360
1121 4795 1154 4832 ss.
1191 4777 1261 4831 VIII
1278 4797 1304 4847 p.
1323 4781 1373 4832 231
1392 4797 1427 4832 ss.
1447 4782 1497 4832 510
1515 4797 1551 4832 sa.
