4240 5512
340 553 458 619 Simile
481 555 622 637 denique
646 576 688 619 ex
711 555 844 620 silentio
868 565 1102 638 argumentum
1125 558 1212 622 idem
1228 558 1281 624 vir
1296 557 1458 636 110010οῙ2)
1475 555 1590 620 elicuit
1605 555 1815 620 definitiones

236 686 398 747 personae
421 665 656 748 grammaticae
680 666 719 730 ab
742 674 883 747 utroque
900 667 1064 732 exhibitas
1088 668 1309 751 respiciendo:
1353 665 1570 749 Apollonium
1594 667 1692 742 enim,
1716 685 1816 747 quem

236 797 304 840 non
327 777 469 859 fugisset
495 778 606 860 aliqua
629 798 670 841 ex
692 788 788 859 parte
808 777 965 861 Dionysii
988 778 1217 843 definitionem
1240 779 1340 859 (515)
1364 779 1528 854 laborare,
1553 798 1627 842 cum
1651 797 1735 858 quae
1757 775 1814 839 ille

236 886 275 951 de
299 887 398 950 101110
420 908 563 970 0010000
586 890 734 972 -τρίτον
758 889 824 971 περὶ
849 887 884 950 οὗ
909 890 924 950 ὁ
947 888 1092 972 λόγος-
1108 891 1257 964 dixisset,
1281 910 1348 953 non
1371 890 1483 953 minus
1507 895 1583 972 apte
1606 887 1647 952 ad
1669 887 1813 969 primam

236 1007 269 1060 et
292 999 431 1062 alteram
446 999 565 1085 referri
586 1007 732 1082 possent,
757 1000 827 1064 cius
850 999 915 1065 1001
931 1001 1188 1083 explicationem
1203 1000 1308 1065 multo
1325 1000 1511 1065 accuratius
1526 998 1663 1063 huncio
1679 996 1812 1062 modum

236 1109 419 1173 effinxisse:
444 1115 545 1192 (synt,
567 1109 597 1185 3,
618 1107 658 1172 25
682 1109 758 1174 BA.
783 1109 879 1190 1279)
903 1113 996 1195 τρίτον
1022 1113 1054 1176 δέ
1077 1113 1137 1174 ἐστι
1151 1112 1319 1196 ’πρόσωπον
1341 1113 1407 1196 περὶ
1431 1110 1465 1172 ob
1491 1111 1505 1172 ὁ
1530 1109 1619 1191 λόγος
1641 1109 1715 1191 μήτε
1729 1131 1812 1192 προς-

235 1223 405 1302 cerciores
422 1221 496 1303 μήτε
511 1221 797 1306 προσφωνουμένου·
821 1242 958 1304 0010000
980 1222 1020 1287 ab
1041 1221 1194 1287 omnibus
1215 1222 1440 1305 grammaticis
1462 1219 1710 1302 comprobatam
1730 1239 1812 1282 0000.

336 1330 409 1393 Iam
432 1336 502 1394 1010
518 1330 637 1394 abhinc
653 1331 833 1414 disputatio
855 1332 891 1394 10
907 1333 1154 1398 commentariis
1170 1333 1368 1409 versabitur,
1393 1332 1517 1414 quibus·
1528 1330 1685 1414 Dionysii
1700 1350 1810 1412 gram-

233 1441 355 1503 matica
377 1441 509 1523 copiose
532 1450 695 1507 tractatur
718 1449 816 1524 atque
839 1443 1035 1508 illustratur.
1079 1443 1226 1508 Multum
1254 1445 1342 1508 enim
1369 1443 1405 1506 in
1428 1440 1637 1525 explanando
1661 1461 1699 1504 eo
1726 1439 1811 1503 libro

234 1551 386 1615 homines
413 1552 626 1634 potissimum
653 1552 834 1636 Byzantini
861 1553 1120 1621 desudaverunt:
1154 1564 1192 1618 ut
1223 1563 1355 1620 vastam
1382 1553 1584 1618 scholiorum
1611 1551 1813 1632 farraginem

234 1661 308 1725 rudi
330 1661 580 1744 indigestaeque
607 1663 687 1727 moli
714 1661 802 1726 haud
824 1663 1021 1729 dissimilem
1045 1665 1102 1746 qui
1128 1686 1322 1747 percurrere
1349 1664 1507 1740 voluerit,
1530 1663 1626 1727 filum
1648 1659 1812 1743 quoddam

234 1771 440 1836 Ariadneum
478 1795 537 1836 suo
574 1774 645 1836 iure
684 1773 938 1857 circumspiciat.
997 1774 1109 1855 Quare
1142 1775 1335 1841 Ludovicus
1367 1775 1499 1838 Prcllcr
1531 1772 1664 1840 videtur
1695 1790 1815 1854 operae

232 1882 378 1964 pretium
400 1883 528 1960 fecisse,
553 1883 640 1965 quod
662 1885 698 1948 in
718 1885 833 1950 libello
856 1886 1041 1951 academico
1071 1907 1172 1969 supra
1194 1893 1451 1950 commemorato
1464 1887 1499 1966 ¹³)
1523 1885 1693 1950 variorum
1716 1881 1810 1944 scho-

232 1993 363 2071 liorum,
387 2016 471 2076 quae
495 2017 536 2058 ex
559 1995 717 2080 Dionysii
739 1997 951 2079 potissimum
972 1997 1123 2062 doctrina
1145 1999 1239 2080 quasi
1262 2019 1304 2062 ex
1328 1996 1496 2062 communi
1518 1995 1609 2060 fonte
1631 1994 1811 2066 fluxerunt,

233 2105 347 2170 ordine
382 2107 615 2190 chronologico
648 2117 809 2190 quantum
841 2111 915 2173 fieri
948 2117 1079 2193 poterat
1117 2109 1297 2174 constituto
1330 2130 1436 2173 unum
1469 2107 1564 2190 quasi
1598 2109 1812 2187 conspectum

233 2219 393 2280 resarcire
417 2225 554 2284 0000100
578 2226 636 2284 001.
670 2222 782 2302 Atque
804 2219 943 2286 Bekher
966 2221 1155 2302 0011100114),
1184 2221 1241 2302 001
1263 2218 1571 2300 antiquissimorum
1594 2234 1809 2298 000000001-

234 2337 313 2392 sunt
335 2329 537 2395 scholiorum
564 2353 650 2394 unus
679 2330 785 2396 editor
811 2332 873 2396 hoc
902 2332 1032 2396 saeculo
1061 2333 1187 2408 extitit,
1211 2352 1286 2395 cum
1315 2330 1377 2394 soli
1404 2328 1589 2412 legentium
1615 2333 1654 2390 ut
1675 2325 1810 2391 videtur

232 2439 403 2504 commodo
426 2441 576 2506 10100100
592 2441 742 2508 diversas
759 2442 1008 2525 explicationes,
1033 2463 1117 2524 quae
1140 2442 1181 2506 ad
1204 2441 1336 2524 singula
1351 2441 1455 2506 verba
1476 2438 1692 2524 pertinerent,
1717 2435 1808 2500 dein-

233 2571 310 2633 ceps
334 2550 544 2629 describeret,
573 2561 744 2618 auctorum
767 2555 904 2618 nomina
925 2553 1132 2636 marginibus
1155 2549 1214 2618 suo
1239 2573 1388 2636 quaeque
1410 2551 1482 2615 loco
1506 2550 1637 2633 adpicta
1659 2585 1691 2594 —-
1713 2547 1809 2612 inve-

231 2661 371 2739 niuntur
393 2671 504 2727 autem
526 2663 662 2750 nomina
684 2663 872 2742 Diomedis,
895 2664 1091 2750 Porphyrii,
1115 2663 1349 2747 Melampodis,
1375 2659 1552 2744 Stephani,
1577 2656 1811 2733 Ohoerobosci,

231 2770 406 2837 Heliodori
428 2811 469 2819 -—
492 2797 558 2839 non
582 2775 697 2838 eadem
720 2797 852 2858 semper
874 2795 954 2840 cura
976 2775 1135 2851 exhibuit,
1158 2782 1197 2840 ut
1219 2774 1273 2839 cui
1295 2773 1423 2838 auctori
1440 2771 1592 2854 singulae
1614 2780 1727 2852 partes
1746 2768 1807 2830 tri-

230 2882 381 2974 buendae
404 2885 472 2948 sint
499 2907 567 2950 non
596 2907 726 2968 semper
749 2896 839 2952 10010
861 2888 1007 2971 perspici
1029 2886 1143 2969 possit.
1189 2884 1283 2966 Quae
1304 2881 1436 2948 eumad
1458 2882 1635 2946 historiam
1658 2879 1809 2944 criticam

232 2993 389 3077 Dionysii
412 3005 711 3062 commentatorum
741 2999 926 3063 accuratius
955 2997 1222 3063 constituendam
1243 3019 1311 3061 non
1333 2997 1429 3080 parvi
1451 2992 1613 3058 momenti
1635 3013 1708 3057 0000
1732 3011 1808 3055 cen-

231 3115 333 3182 seret,
362 3105 493 3170 Preller
520 3107 786 3191 Hamburgensis
820 3109 942 3174 codicis
976 3109 1132 3174 subsidiis
1172 3109 1304 3173 adiutus
1336 3129 1396 3191 per
1427 3105 1553 3190 primas
1592 3125 1652 3168 sex
1690 3102 1810 3168 saltem

230 3217 456 3300 paragraphos
489 3225 662 3282 auctorum
689 3221 826 3284 nomina
859 3221 1042 3304 supplevit,
1071 3227 1109 3284 ut
1137 3221 1166 3284 01
1193 3227 1389 3302 0000101010
1416 3217 1580 3292 criticum,
1610 3236 1674 3296 quo
1694 3222 1811 3297 000100

230 3327 344 3392 eadem
361 3328 487 3393 scholia
501 3329 639 3397 donavit
655 3329 791 3395 Curtius
807 3329 1031 3396 Wachsmuth
1046 3331 1081 3395 in
1096 3331 1214 3396 Museo
1230 3327 1592 3411 Rhenanoj‚novissimo
1607 3323 1678 3388 XX
1694 3323 1807 3407 (1865)

229 3460 260 3520 p.
286 3438 429 3503 375-389
463 3462 505 3504 ex
543 3441 652 3506 codice
686 3441 921 3525 Neapolitana,
955 3443 1194 3526 adsumpseris,
1223 3441 1263 3506 de
1297 3439 1506 3524 singularum
1538 3435 1809 3503 observationum

231 3547 359 3631 origine
382 3550 450 3614 iam
473 3552 596 3616 certius
618 3551 779 3617 iudicium
801 3553 888 3618 ferre
910 3527 1027 3638 possis.

330 3661 459 3727 Eodem
493 3674 526 3727 01
563 3663 671 3747 ipsam
707 3665 885 3730 Theodosii
918 3665 1140 3730 Alexandrini
1177 3663 1428 3750 grammaticam
1441 3665 1476 3744 ¹⁵)
1511 3661 1678 3744 pertinere
1711 3657 1809 3723 facile

228 3781 380 3856 apparet,
405 3793 503 3855 quarn
527 3773 757 3858 Goettlingius
780 3776 917 3860 Lipsiae
941 3777 1024 3842 1822
1053 3777 1196 3853 00010110
1224 3776 1358 3840 nomine
1385 3775 1466 3848 ficte,
1491 3773 1528 3836 in
1555 3772 1663 3836 lucem
1693 3769 1808 3834 edidit:

229 3884 476 3948 commentariis
493 3885 582 3948 enim
599 3894 730 3950 constat
744 3886 890 3968 undique
907 3888 1095 3972 compilatis
1118 3909 1226 3970 neque
1248 3886 1317 3950 ullo
1340 3879 1429 3962 inter
1452 3905 1487 3948 00
1503 3882 1638 3948 vinculo
1662 3880 1807 3955 conexis

228 3994 347 4076 quibus
363 3994 570 4059 Bekheriani
593 4002 627 4060 et
641 3998 882 4061 confirmantur
897 4006 930 4062 01
946 3999 1153 4083 supplentur.
1197 3995 1371 4062 Accedunt
1386 3995 1461 4072 alia,
1484 3993 1595 4076 qualia
1617 3989 1808 4056 aBehkero

226 4103 262 4167 in
291 4103 559 4172 adnotationibus
593 4107 672 4188 (vol.
700 4107 754 4171 III
779 4130 810 4191 p.
840 4107 1037 4193 11610016)
1065 4111 1192 4194 passim
1225 4107 1352 4174 adiecta
1383 4119 1483 4170 anta
1511 4104 1668 4170 Oramero
1697 4098 1808 4164 anecd.

228 4212 337 4280 Oxou.
360 4215 424 4281 vol.
447 4217 502 4282 III
523 4217 575 4282 IV
601 4219 729 4284 inserta
757 4220 895 4306 0110111),
923 4221 1024 4286 exilia
1051 4243 1091 4286 ea
1118 4230 1152 4286 et
1178 4223 1215 4284 in
1242 4219 1448 4284 arctissimae
1476 4217 1640 4301 epitomae
1667 4214 1808 4276 formam

226 4324 368 4403 redacta,
393 4349 542 4410 quaeque
565 4329 729 4394 aetatibus
752 4331 1042 4414 progredientibus
1066 4343 1100 4398 01
1121 4332 1311 4397 labentibus
1333 4331 1400 4395 iam
1417 4328 1535 4394 studiis
1558 4324 1809 4412 grammaticam

227 4436 438 4520 disciplinam
461 4438 659 4504 discentium
687 4442 722 4504 10
751 4463 850 4506 usum
877 4443 984 4526 magis
1012 4444 1185 4527 magisque
1214 4449 1420 4508 attenuatam
1448 4450 1482 4505 et
1509 4443 1713 4504 contractam
1735 4454 1810 4500 esse

334 4714 362 4779 ¹²)
381 4729 407 4780 p.
425 4713 483 4764 366.
525 4714 727 4778 13)01.11ο1.2;
752 4718 941 4771 commentatio
964 4737 1036 4771 nunc
1058 4721 1176 4787 repetita
1199 4719 1288 4770 00110
1306 4716 1440 4768 eiusdem:
1468 4713 1660 4781 Ausgewdhlte
1684 4713 1811 4766 aufsiitze·

228 4797 585 4864 Βο10110118640.69-93,
613 4800 758 4868 adscriptis
781 4803 879 4869 prioris
903 4803 1031 4857 editionis
1060 4806 1176 4874 paginis.
1214 4801 1568 4871 14)01.Ρ1011010.1600,
1606 4800 1637 4864 15)
1657 4798 1689 4852 01.
1706 4799 1811 4850 Preller

228 4901 254 4952 p.
267 4884 308 4936 22.
341 4880 372 4950 11)
391 4884 427 4936 ib.
441 4899 466 4951 p.
480 4885 521 4936 26.
555 4885 584 4949 Π)
603 4884 639 4936 ib.
659 4902 685 4951 p.
704 4887 744 4938 30.
