4240 5512
1028 301 1350 376 ...gl-

394 515 435 589 τῇ
461 507 611 589 rodebar]
637 507 791 591 προσῳδίᾳ
826 506 923 587 (libro
952 507 1023 590 xx)
1058 503 1325 569 substituendum
1354 523 1440 567 esse:
1477 523 1539 566 neo
1572 509 1686 567 tamen
1713 500 1770 566 1116
1801 504 1973 582 praeterea

395 617 560 700 epitomae
582 616 747 682 rationem
762 617 887 692 habuit,
911 637 1018 698 neque
1040 622 1193 680 nostrum
1216 621 1276 690 661,
1300 633 1365 696 666
1378 611 1626 676 necessitudine
1641 612 1700 676 illa
1714 611 1823 676 lexica
1838 616 1871 674 et
1885 609 1973 673 inter

395 748 430 791 66
454 733 486 791 61
510 747 584 790 cum
600 726 785 790 Herodiani
808 725 957 790 doctrina
979 726 1156 790 coniuncta
1179 725 1256 802 6161,
1279 723 1435 789 hocloco
1460 743 1641 806 exponere:
1664 743 1742 786 nam
1765 728 1799 786 et
1814 740 1971 802 operosus

394 837 488 901 labor
511 842 619 902 estet
642 835 698 918 qui
720 836 819 900 huius
842 834 948 900 libelli
971 836 1056 900 fines
1078 836 1178 918 longe
1201 834 1474 917 transgrediatur.

494 945 658 1026 Quartam
681 967 764 1028 quae
788 953 941 1030 superest
962 946 1137 1028 prosodiae
1169 951 1299 1028 partem
1328 945 1378 1020 ‚de
1406 942 1608 1009 accentibus‘
1636 945 1720 1030 (περὶ
1742 943 1836 1008 τόνων
1858 964 1889 1027 p.
1905 941 1970 1025 40),

393 1059 422 1122 61
444 1057 554 1121 fontes
576 1056 745 1140 respicias,
774 1057 810 1120 in
833 1055 914 1120 duas
936 1056 1117 1139 particulas
1141 1055 1402 1120 distribuendam
1426 1075 1499 1120 esse
1522 1056 1588 1119 iam
1612 1054 1795 1118 MaurIoius
1819 1051 1974 1120 Schmidt

393 1167 534 1248 (Philol.
561 1167 649 1230 VIII
683 1167 762 1248 245)
802 1173 891 1231 reete
926 1167 1084 1231 ostendit:
1128 1168 1275 1250 priorem
1309 1188 1326 1231 e
1365 1165 1701 1231 commentationibus
1734 1165 1774 1230 16
1807 1164 1971 1248 prosodiis

393 1277 475 1359 (BA
497 1277 569 1354 684,
598 1275 638 1340 27
663 1281 720 1359 66.)
744 1298 828 1359 6666
856 1299 898 1341 ex
920 1277 1353 1362 illustrissim022Porphyrii
1379 1276 1464 1342 libro
1493 1283 1669 1360 excerptae
1698 1287 1776 1340 6661
1808 1276 1971 1359 composi-

392 1395 470 1465 tam,
494 1389 633 1452 alteram
656 1409 739 1470 quae
760 1388 879 1470 incipit
902 1409 921 1451 a
942 1387 1070 1453 verbis:
1088 1386 1199 1452 Ἰοτέον
1223 1391 1264 1458 (ῦς
1292 1388 1343 1472 μία
1364 1387 1485 1472 [μόνον]
1510 1387 1585 1470 μόνη
1612 1389 1686 1459 λέξις
1712 1387 1873 1469 ἐγκλίνεται
1896 1407 1971 1450 cum

390 1499 533 1562 Maximi
554 1498 717 1562 Planudis
745 1499 963 1582 grammatica
991 1497 1201 1580 (Baehmann
1228 1498 1389 1586 anecdota
1415 1518 1534 1580 graeca
1555 1497 1591 1562 ΙΙ
1612 1497 1732 1580 ’34-31)
1761 1497 1970 1562 consentien-

390 1615 471 1672 tem:
510 1608 694 1673 cuiusmodi
722 1609 986 1684 observationes,
1016 1629 1099 1691 quae
1126 1599 1242 1691 procul
1269 1609 1369 1674 dubio
1397 1609 1432 1672 in
1455 1607 1646 1672 Herodiano
1673 1608 1809 1672 illorum
1836 1628 1970 1690 praece-

390 1725 524 1800 ptorum
548 1726 681 1783 auctore
704 1719 859 1784 nituntur
888 1711 1017 1796 666666,
1051 1719 1294 1803 posterioribus
1322 1739 1514 1784 communes
1541 1719 1646 1783 fuisse
1670 1717 1836 1782 Theodori
1860 1716 1971 1783 Gazae

391 1831 612 1911 grammatica
635 1830 833 1895 documento
856 1837 917 1906 est,
941 1851 1024 1912 quae
1047 1851 1077 1914 p.
1090 1831 1154 1894 338
1177 1829 1268 1910 (edit.
1290 1829 1408 1912 Basil.)
1433 1829 1603 1894 simillima
1626 1828 1782 1893 continet.

493 1939 547 2004 De
570 1949 720 2006 extremo
744 1941 865 2023 prioris
893 1941 971 2006 libri
998 1941 1164 2036 capite45),
1199 1939 1285 2022 quod
1307 1941 1374 2024 περὶ
1397 1944 1518 2023 στιγμῆς
1545 1939 1745 2022 inscriptum
1772 1947 1837 2015 est,
1871 1939 1997 2044 6116π

391 2050 555 2134 particula
578 2072 661 2133 quae
684 2051 784 2134 paulo
807 2056 886 2134 post
907 2051 1108 2134 insequitur:
1132 2050 1299 2136 ,16166
1323 2053 1354 2114 αἱ
1377 2053 1504 2134 στιγμαί*
1527 2051 1581 2116 vel
1605 2049 1787 2114 secundum
1802 2049 1971 2114 Venatum

391 2160 483 2239 ,αἰτία
506 2157 542 2223 δι’
571 2159 607 2243 ἣν
631 2160 699 2224 οὔτε
721 2163 840 2232 πλείους
863 2160 931 2225 οὔτε
954 2163 1094 2230 ἐλάττους
1122 2163 1153 2224 αἱ
1176 2162 1297 2246 στιγμαί
1317 2161 1384 2226 εἰσιι
1408 2181 1446 2225 66
1469 2160 1605 2228 brevius
1628 2181 1726 2243 agero
1755 2159 1878 2237 licebit,
1906 2180 1970 2242 quo

391 2271 580 2336 accuratius
602 2271 761 2354 pleraque
784 2272 933 2339 virorum
957 2272 1128 2338 doctorum
1152 2273 1271 2338 6161116
1293 2273 1361 2337 iam
1384 2273 1563 2356 explanata
1585 2280 1672 2337 sunt.
1721 2272 1807 2337 Nam
1835 2271 1970 2336 61116-

392 2382 560 2450 1661666
582 2382 878 2448 Friedlaender
905 2385 940 2448 in
968 2385 1053 2450 libro
1081 2383 1121 2448 de
1144 2384 1310 2448 Nicanore
1333 2383 1521 2466 conscripto
1549 2383 1656 2448 multa
1682 2381 1722 2447 de
1751 2404 1791 2448 66
1817 2404 1853 2447 re
1874 2403 1971 2466 prae-

390 2494 566 2576 occupavit
589 2502 622 2558 61
644 2493 687 2558 Κ.
702 2495 742 2560 Ε.
755 2494 794 2559 A.
813 2492 1012 2578 8616611141)
1034 2495 1207 2578 sagaciter,
1230 2502 1268 2561 ut
1291 2493 1386 2572 66161,
1408 2495 1569 2577 peculiari
1590 2493 1667 2559 libri
1691 2496 1742 2560 661
1766 2496 1873 2579 666116
1896 2516 1971 2559 oum

319 2669 321 2672 .
391 2604 431 2670 16
465 2605 625 2670 universa
657 2604 718 2670 hac
754 2604 905 2670 doctrina
938 2627 957 2670 6
984 2607 1210 2689 grammaticis
1237 2628 1298 2690 per
1331 2605 1462 2671 saecula
1490 2613 1672 2690 propagata
1702 2613 1774 2670 turn
1805 2605 1846 2670 de
1872 2605 1970 2671 Nica-

391 2735 482 2792 nore,
516 2736 536 2779 a
567 2735 631 2796 quo
653 2715 866 2797 potissimum
889 2737 962 2781 eam
985 2716 1157 2782 adauctam
1192 2737 1266 2782 esse
1289 2715 1422 2792 scimus,
1456 2716 1504 2780 ita
1526 2716 1603 2799 egit,
1636 2722 1675 2780 ut
1704 2706 1754 2780 de*
1774 2716 1970 2780 auctoritate

391 2822 684 2890 aFriedlaendero
706 2825 758 2889 illi
780 2826 906 2891 tributa
929 2827 1053 2910 aliquid
1076 2827 1267 2892 detraxerit.
1297 2827 1443 2892 Nicanor
1459 2827 1548 2891 enim
1572 2847 1646 2891 cum
1667 2847 1736 2892 non
1751 2826 1848 2891 modo
1864 2826 1971 2890 tribus

391 2941 545 3002 veterum
568 2935 675 3018 siguis
699 2936 832 3021 singula
854 2938 1096 3003 sententiarum
1119 2937 1268 3002 membra
1291 2937 1451 3020 distingui
1479 2937 1536 3002 sed
1560 2937 1661 3002 etiam
1683 2937 1794 3003 varias
1816 2935 1972 3002 nectendi

391 3044 666 3128 discernendique
688 3047 835 3113 rationes
858 3047 998 3112 indicari
1021 3049 1125 3114 vellet
1158 3055 1295 3131 octoque
1319 3048 1423 3132 signis
1445 3047 1566 3132 positis
1585 3049 1666 3114 novi
1688 3048 1819 3114 inventi
1840 3047 1970 3131 pericu-

391 3157 460 3222 lum
483 3157 520 3220 in
536 3157 738 3222 carminibus
753 3157 942 3224 Homericis
965 3161 1102 3224 faceret:
1129 3181 1169 3224 66
1190 3159 1341 3223 doctrina
1363 3179 1447 3242 quae
1470 3159 1649 3242 speciosior
1671 3166 1743 3222 erat
1765 3179 1863 3240 quam
1886 3178 1970 3240 quae

389 3268 424 3332 in
447 3287 657 3334 communem
679 3289 776 3332 usum
792 3270 1006 3352 reciperetur,
1030 3269 1111 3334 adeo
1133 3270 1267 3336 videtur
1288 3269 1475 3334 innotuisse
1497 3277 1535 3334 ut
1556 3269 1779 3334 recentiorum
1802 3289 1969 3333 commen-

390 3379 532 3445 tationes
556 3379 628 3444 eius
650 3380 784 3445 nomine
808 3380 1061 3446 adornarentur:
1090 3382 1184 3446 velut
1206 3382 1431 3464 fragmentum
1455 3379 1664 3460 (Baehmann
1693 3378 1840 3443 anecdot.
1863 3399 1969 3462 graec.

388 3487 426 3551 Π
440 3489 560 3572 31611)
584 3489 672 3573 6661
694 3491 824 3574 incipit:
849 3491 978 3575 Στιγμοιί
990 3493 1062 3556 εἰσιν
1085 3490 1113 3576 η’
1136 3490 1213 3554 κατὰ
1227 3489 1380 3574 Νικάνορα
1401 3490 1437 3552 16
1459 3491 1534 3572 1666
1555 3489 1663 3552 fronte
1680 3487 1842 3571 originem
1858 3497 1969 3554 osten-

390 3596 448 3660 dit.
493 3597 568 3678 Quo
592 3600 632 3664 ab
657 3601 792 3665 exordio
816 3601 845 3665 si
867 3601 1058 3676 recesseris,
1088 3608 1122 3665 et
1143 3602 1255 3684 ipsum
1277 3600 1501 3683 fragmentum
1530 3606 1564 3664 61
1591 3599 1734 3664 alterum
1761 3609 1861 3682 caput
1883 3598 1970 3682 apud

391 3706 561 3772 Walaium
585 3710 681 3790 (rhet.
697 3729 804 3793 graec.
819 3710 874 3776 III
895 3712 957 3776 564
975 3711 1015 3796 s.)
1040 3731 1114 3775 cum
1137 3719 1253 3776 nostra
1268 3711 1414 3794 epitoma
1428 3710 1574 3774 maxime
1589 3711 1765 3786 consentit,
1788 3710 1835 3774 ita
1857 3716 1967 3774 tamen

390 3829 428 3880 ut
456 3837 496 3880 ex
530 3824 670 3901 utroque
699 3821 740 3886 ad
767 3830 917 3886 nostram
945 3830 1034 3888 recte
1063 3821 1303 3887 aestimandam
1340 3821 1525 3885 maximum
1553 3820 1760 3886 commodum
1793 3819 1969 3885 redundet:

391 3925 485 3991 velut
508 3927 593 4008 quod
615 3930 651 3994 in
675 3951 713 3995 66
737 3933 908 4000 ὑποτελείας
931 3933 1019 4014 sigui
1046 3953 1164 4015 parum
1190 3933 1329 3996 rationis
1356 3931 1507 3996 habitum
1531 3937 1595 4008 est,
1629 3931 1663 3994 id
1691 3931 1809 3996 ceteris
1838 3931 1968 3996 66116116

392 4057 484 4102 mera
505 4037 633 4103 librarii
656 4041 868 4124 neglegentia
891 4043 1122 4126 explicandum
1147 4063 1221 4108 esse
1243 4049 1333 4125 puto,
1358 4043 1414 4124 qui
1437 4042 1609 4108 avocibus
1634 4045 1755 4126 μερικῆς
1778 4042 1892 4110 ἐννοίας
1915 4042 1969 4106 οῦκ

391 4148 527 4217 ἐντελοῦς
543 4149 642 4232 δὲτὴν
659 4149 735 4218 atto
760 4151 806 4232 (v.
825 4152 865 4216 10
877 4152 1027 4234 Bachm.)
1050 4153 1090 4216 61
1113 4153 1217 4218 verba
1240 4158 1284 4235 (r.
1303 4153 1357 4236 13)
1383 4158 1504 4237 μερικῆς
1526 4153 1638 4221 ἐννοίας
1661 4154 1795 4222 ἐντελοῦς
1817 4153 1869 4236 τὴν
1892 4154 1968 4224 λέξιν

392 4258 497 4324 666116
520 4259 751 4326 aberrantibus
777 4283 823 4326 66
837 4262 971 4328 videtur
992 4264 1154 4338 omisisse,
1179 4283 1262 4346 quae
1278 4286 1308 4346 p.
1324 4261 1367 4326 42
1382 4270 1465 4327 extr.
1488 4263 1627 4328 1166616
1643 4261 1777 4326 modum
1792 4263 1970 4329 inserenda

391 4388 464 4434 esse
480 4390 614 4436 censeo:
638 4371 660 4455 d
677 4373 949 4437 ἀποκαταστατικὸν
969 4377 1107 4459 [μερικῆς
1122 4375 1243 4452 ἐννοίας,
1260 4375 1313 4438 οὐκ
1329 4374 1464 4444 ἐντελοῦς
1480 4373 1580 4456 δὲτὴν
1596 4373 1684 4452 λέξιν,
1707 4375 1759 4438 καὶ
1770 4379 1852 4438 ποιεῖ
1865 4376 1967 4440 ὑποτε-

497 4657 529 4728 ⁴⁸)
556 4661 705 4730 Septimum
723 4661 776 4716 hoc
794 4667 875 4731 caput
893 4663 927 4716 ab
946 4664 1006 4732 ipso
1030 4665 1076 4720 illo
1099 4666 1145 4734 qui
1172 4667 1319 4735 epitomem
1338 4664 1456 4718 confecit
1483 4662 1650 4732 appellatum
1673 4680 1732 4718 esse
1755 4666 1876 4719 ostendit
1898 4667 1968 4720 liber

390 4741 522 4808 Venetus,
541 4745 569 4797 in
587 4762 639 4814 quo
658 4745 799 4819 κεφάλαιον
819 4746 927 4816 ἕβδομον
947 4749 1115 4819 adscriptum
1133 4755 1184 4804 est.
1211 4752 1246 4816 ⁴⁶>
1265 4767 1291 4818 p.
1308 4751 1359 4804 506
1376 4767 1410 4802 66.
1435 4765 1514 4816 quem
1533 4750 1657 4816 sequitur
1675 4749 1914 4818 Sternumenta
1933 4769 1966 4804 ss.

390 4829 422 4894 ⁴¹)
442 4829 474 4882 ci
493 4828 686 4885 Friedlaender
703 4834 719 4885 1.
739 4850 761 4886 6.
780 4851 807 4901 p.
820 4835 949 4886 102-104.
