4240 5512
243 547 247 552 ,
277 477 358 540 λείαν
383 481 425 546 ῶς
446 478 495 541 τό·
518 477 647 564 Χριστὸς
669 479 702 541 ἐκ
724 477 883 562 παρθένου.
907 478 1165 562 προσοπακοῶεται
1188 479 1243 565 γὰρ
1267 479 1381 544 ἄνωθεν
1405 482 1437 543 τὸ
1460 485 1606 562 γεννᾶται·
1630 482 1649 565 ἢ
1673 488 1851 568 συμπληρω-

276 587 370 669 τικὸν]
396 589 447 670 μὲν
473 593 594 672 μερικῆς
616 589 737 666 ἐννοίας,
761 589 895 658 ἐντελοῦς
916 590 969 672 τὴν
993 591 1079 661 λέξιν.

378 697 471 762 Ηοοο
493 699 562 764 fere
584 698 686 763 habui
708 720 792 782 quae
814 699 854 764 de
877 701 988 783 priore
1011 701 1175 783 epitomae
1198 707 1292 784 parte
1313 700 1525 766 dissererem:
1549 722 1614 784 qua
1628 700 1853 785 disputatione

275 808 310 872 id
332 808 451 873 saltem
474 809 628 874 effoetum
650 830 723 874 esse
740 809 878 886 oonfido,
901 817 940 874 ut
962 832 1025 892 quo
1048 812 1183 876 vinonio
1199 813 1346 895 epitoma
1368 833 1442 876 enm
1458 812 1614 896 Dionysii
1637 815 1854 896 grammatioa

277 919 466 994 ooniunota,
500 919 619 1002 quibus
641 927 815 1002 praeterea
840 921 988 987 fontibus
1017 922 1058 986 ad
1090 922 1184 986 illam
1210 922 1444 988 illustrandam
1472 944 1616 1004 suaeque
1645 925 1747 988 aetati
1775 923 1851 988 ada-

276 1029 434 1114 ptandam
458 1038 572 1094 anotor
595 1031 666 1095 eius
690 1052 770 1096 usus
794 1031 850 1108 sit,
873 1032 940 1096 iam
962 1032 1087 1097 reetius
1110 1033 1218 1116 possit
1239 1032 1399 1116 intellegi

788 1423 849 1498 De
876 1422 1058 1522 epitomae
1088 1433 1193 1522 parte
1220 1423 1344 1496 altera.

377 1627 528 1691 Alterius
551 1647 631 1692 vero
654 1627 759 1709 partie
783 1647 882 1709 quam
905 1625 1011 1689 adhue
1033 1625 1195 1690 ineditam
1212 1626 1282 1691 solo
1306 1625 1415 1690 codiee
1432 1625 1563 1690 Veneto
1580 1624 1743 1688 eontineri
1766 1625 1851 1690 dixi-

275 1759 350 1802 mus
374 1739 418 1821 (p.
435 1739 490 1818 l'l)
513 1759 589 1802 eum
611 1744 716 1802 totum
740 1737 863 1802 librum
878 1737 969 1820 typis
985 1736 1172 1820 exprimere
1195 1737 1247 1801 his
1270 1737 1421 1820 angustis
1444 1734 1610 1801 seribendi
1631 1735 1753 1800 finibus
1777 1757 1854 1818 pro-

275 1848 456 1925 hibeamur,
479 1846 583 1912 donee
606 1848 677 1912 eius
693 1847 788 1931 eopia
802 1847 983 1922 faotaerit,
1006 1847 1092 1913 hane
1115 1849 1234 1914 saltem
1257 1849 1401 1931 speeiem
1416 1869 1454 1912 ae
1476 1847 1571 1913 velut
1591 1847 1773 1931 imaginem
1797 1847 1852 1911 ad·

275 1959 430 2024 umbrare
452 1960 489 2022 in
512 1960 622 2024 animo
646 1965 707 2023 est.
736 1959 788 2022 Ao
802 1958 1039 2040 praetermisso
1062 1937 1169 2035 titulo,
1194 1979 1292 2042 quem
1314 1959 1413 2024 alteri
1434 1957 1519 2023 libro
1542 1959 1729 2040 praefixum
1752 1969 1880 2041 supra*

277 2069 422 2146 exhibui,
446 2069 579 2153 singula
602 2069 712 2153 oapita
734 2069 823 2134 huno
845 2069 881 2132 in
903 2068 1040 2133 modum
1061 2069 1224 2153 inseripta
1246 2077 1338 2134 sunt:

375 2179 429 2245 fol.
452 2179 505 2244 89r
553 2184 716 2266 κεφάλαιον
744 2186 871 2267 πρῶτον.
899 2182 966 2265 περὶ
988 2187 1046 2244 τῶν
1074 2180 1102 2264 η’
1135 2183 1188 2244 τοῦ
1215 2181 1306 2266 λόγου
1337 2183 1432 2264 μερῶν
1459 2181 1508 2242 καὶ
1536 2178 1586 2242 διὰ
1612 2180 1642 2242 τί
1666 2177 1694 2262 ιγ’
1711 2180 1761 2240 κοιλ
1786 2177 1853 2241 οὔτε

554 2293 647 2355 πλείω
671 2290 738 2354 οὔτε
761 2291 887 2354 ἐλάττω.

375 2403 431 2467 fol.
454 2402 509 2468 89*
552 2425 617 2488 κερ.
641 2401 786 2485 δεύτερον.
810 2402 858 2464 διὰ
880 2401 910 2464 τί
931 2401 1009 2464 οὕτω
1033 2402 1159 2487 τὰμέρη
1184 2400 1350 2483 τοῦλόγου
1373 2401 1565 2465 κατείλεκται.

376 2513 431 2578 fol.
454 2514 506 2579 91¹
554 2535 622 2598 κεφ.
644 2513 740 2596 τρίτον
764 2509 830 2596 περὶ
853 2515 954 2596 γενῶν.

376 2623 453 2690 ibid.
552 2627 634 2708 [κερ.
656 2624 809 2708 τέταρτον]
818 2624 858 2705 4⁸)
881 2624 948 2708 περὶ
971 2621 1080 2692 εἴδους.

376 2735 431 2799 fol.
454 2735 510 2798 96*
553 2757 620 2819 κερ.
642 2733 774 2817 πέμπτον
797 2736 864 2818 περὶ
886 2737 944 2798 τῶν
966 2740 1018 2798 τοῦ
1040 2736 1221 2818 παραγώγοο
1245 2733 1344 2796 εἰδῶν.

376 2846 431 2912 fol.
454 2845 506 2909 99‘
548 2847 614 2928 περὶ
637 2845 802 2928 σχημάτων
820 2867 888 2930 κεφ.
912 2845 1008 2908 ἕκτον.

376 2955 431 3022 fol.
454 2957 509 3020 99v
553 2960 636 3020 extr.
658 2978 726 3040 κεφ.
750 2955 880 3041 ἕβδομον
904 2947 969 3040 περὶ
993 2955 1128 3041 ἀριθμῶν
1151 2957 1293 3019 πτώσεων
1315 2957 1365 3019 καὶ
1387 2955 1558 3038 έγκλίσεων.

376 3066 431 3131 fol.
455 3065 530 3130 100*
552 3089 619 3152 κερ.
644 3063 750 3149 ὄγδοον
759 3067 798 3147 49)
821 3067 888 3150 περλ
910 3069 1088 3151 προσώπων.

259 3169 261 3175 ’
376 3175 431 3242 fol.
456 3176 528 3240 101π
550 3183 635 3241 extr.
661 3178 726 3261 περὶ
754 3176 878 3240 εὐθειῶν
913 3177 1076 3261 οὐδετέρων
1105 3177 1124 3258 ἦ
1154 3181 1290 3263 μετοχῶν
1323 3175 1342 3259 ἤ
1372 3176 1526 3259 ὀνομάτων
1560 3181 1618 3240 τῶν
1647 3176 1710 3240 ἀντὶ
1737 3180 1853 3259 γενικῆς

660 3295 786 3366 ἀττικῶς
808 3295 1004 3379 εἰλημμένων.
1027 3319 1095 3381 κερ.
1113 3289 1226 3380 boam)

378 3407 432 3472 fol.
458 3405 529 3470 103¹
553 3412 636 3470 extr.
664 3429 731 3491 κερ.
756 3405 876 3470 δέκατον
899 3407 966 3491 περὶ
990 3411 1144 3491 συζυγιῶν.

376 3517 432 3582 fol.
456 3516 531 3580 101ν
553 3539 619 3600 κεφ.
643 3517 797 3581 ἑνδέκατον
813 3517 880 3600 περὶ
895 3521 1000 3580 κοινῶν
1015 3518 1065 3580 καὶ
1083 3518 1165 3580 ἰδίων
1181 3517 1395 3603 παρεπομένων
1418 3520 1479 3587 τοῖς
1502 3518 1601 3601 μέρεσι
1623 3519 1675 3578 τοῦ
1698 3515 1801 3599 λόγου.

378 3627 454 3708 Qua
476 3646 518 3691 ex
541 3625 655 3692 tabula
677 3627 838 3709 sapitum,
867 3626 1020 3708 quamvis
1043 3649 1110 3691 non
1132 3649 1200 3692 una
1221 3649 1263 3692 ex
1291 3634 1386 3711 parte
1409 3647 1528 3691 manea
1550 3626 1607 3702 sit,
1635 3625 1697 3690 hoo
1720 3626 1854 3708 quidem

275 3744 381 3822 patet:
405 3738 547 3803 alterum
569 3759 699 3820 quoqne
722 3737 886 3820 epitomae
908 3737 1033 3802 librum
1056 3759 1099 3803 ex
1121 3739 1280 3824 Dionysii
1302 3738 1519 3822 grammatioa
1534 3736 1688 3820 pendere,
1711 3739 1760 3803 ita
1781 3738 1851 3820 qui-

276 3849 350 3914 dem
378 3856 416 3913 ut
442 3838 654 3932 potissimum
675 3849 712 3912 in
738 3848 947 3932 paragrapho
977 3849 1030 3912 14²
1057 3871 1140 3932 quae
1168 3851 1234 3935 napi
1259 3848 1407 3932 ὀνόματος
1428 3847 1625 3914 insoribitur
1657 3847 1853 3933 explicanda

276 3967 443 4037 versetur,
472 3959 620 4042 reliquae
648 3959 808 4025 orationis
835 3967 948 4043 partes
970 3960 1107 4026 brevius
1131 3960 1350 4037 subiciantur,
1379 3959 1474 4042 quasi
1495 3959 1585 4024 inter
1607 3956 1852 4025 commentandi

267 4070 424 4136 -stndium
446 4070 608 4153 patientia
630 4078 799 4136 auotorem
821 4069 991 4135 defecerit:
1020 4077 1091 4136 tota
1117 4092 1197 4136 vero
1225 4071 1415 4137 dissertatio
1443 4076 1494 4136 tot
1521 4079 1646 4136 ettam
1668 4070 1770 4136 variis
1794 4089 1851 4132 ox-

274 4181 510 4267 plicationibus
533 4180 666 4247 aliunde
688 4181 804 4264 petitis
826 4181 951 4246 referta
973 4202 1011 4246 ao
1034 4183 1129 4264 quasi
1153 4190 1310 4247 oontexta
1332 4188 1394 4260 est,
1420 4189 1459 4248 ut
1482 4182 1665 4248 studiorum
1687 4200 1853 4263 gramma-

275 4293 417 4358 tioorum
440 4291 588 4358 eondieio
612 4299 710 4375 atque
733 4292 878 4358 ambitus
901 4293 1008 4376 qualis
1024 4293 1189 4376 epitomae
1205 4299 1314 4358 aetate
1330 4293 1441 4370 fuerit,
1464 4294 1580 4359 multis
1602 4289 1753 4376 partibus
1775 4290 1853 4356 indo

275 4403 445 4468 illustrare
467 4404 644 4488 possimus.

379 4719 411 4782 ⁴⁸)
430 4719 527 4788 ospitis
545 4723 611 4774 nota
628 4721 726 4774 omissa
743 4726 791 4776 est.
819 4723 853 4790 ⁴⁹)
872 4721 968 4775 oodex:
987 4737 1130 4789 perperam
1149 4713 1198 4782 ᾆθν
1224 4735 1273 4788 pro
1291 4713 1353 4802 ᾖον.
1391 4721 1422 4785 ⁵⁰)
1448 4719 1519 4771 inest
1537 4721 1679 4786 praeterea
1696 4722 1850 4788 temporum

278 4804 410 4858 doetrina.
