4240 5512
1040 319 1363 392 „25—

513 523 554 587 In
577 521 682 586 altero
706 521 824 604 capito,
849 542 912 604 quo
936 520 976 586 de
1000 522 1159 586 orationis
1181 521 1329 605 partium
1352 517 1468 585 ordine
1492 527 1525 586 et
1548 522 1710 586 affinitate
1733 521 1857 603 agitur,
1885 520 1974 604 Apol

412 633 501 699 lonio
518 631 665 718 Dyscolo
689 631 772 696 duce
794 632 918 696 iterum
940 653 1001 696 nos
1016 653 1136 697 usuros
1160 653 1233 698 esse
1256 631 1323 696 iam
1339 652 1440 716 supra
1455 632 1692 698 indicavimus:
1716 633 1772 716 qui
1794 631 1891 696 initio
1914 631 1977 694 libr

410 743 450 807 de
477 743 657 808 verborum
685 742 935 808 constructione
968 743 1150 827 conscripti
1172 742 1213 809 de
1240 743 1302 808 hac
1329 744 1403 827 ipsa
1430 745 1667 828 grammaticae
1695 750 1800 827 parte,
1830 764 1894 825 qua
1922 764 1978 806 nor

409 854 519 938 aptius
548 852 747 936 disciplinae
775 873 854 917 suae
883 851 1139 918 fundamentum
1165 855 1314 938 reperire
1340 862 1469 938 posset,
1498 855 1652 920 sollerter
1678 853 1875 939 disputavit:
1912 873 1980 917 nan

410 964 600 1029 verborum,
617 970 738 1028 natura
765 970 865 1046 atque
891 962 1003 1028 indole
1031 969 1121 1028 recte
1148 985 1328 1048 perpensa,
1363 965 1526 1049 quomodo
1553 965 1590 1030 in
1618 966 1800 1032 enuntiatis
1829 985 1868 1028 ea
1890 963 1981 1028 collo·

382 1065 385 1070 ’
410 1074 515 1139 canda
537 1080 571 1138 et
592 1073 682 1138 inter
705 1094 741 1138 se
764 1073 929 1138 nectenda
951 1081 1074 1152 essent,
1097 1074 1194 1140 facile
1218 1095 1381 1163 apparere,
1399 1076 1551 1160 putabat:
1575 1076 1633 1142 sed
1655 1098 1726 1141 rem
1749 1075 1849 1141 altius
1872 1082 1982 1159 petens

410 1207 479 1250 non
502 1183 599 1250 modo
621 1184 802 1249 verborum
824 1183 1067 1250 verumetiam
1090 1185 1351 1262 elementorum,
1374 1186 1462 1251 unde
1485 1188 1670 1270 composita
1692 1192 1818 1263 essent,
1841 1185 1983 1269 syllaba·

410 1317 486 1361 rum
516 1295 707 1361 litterarum
730 1295 882 1360 ordinem
903 1297 1107 1392 perscrutari
1130 1295 1293 1374 studebat,
1328 1303 1362 1362 et
1384 1296 1463 1362 dum
1485 1319 1505 1361 a
1527 1297 1786 1381 simplicioribus
1809 1297 1851 1362 ad
1872 1297 1984 1360 diffici-

410 1408 495 1474 liora
516 1407 742 1492 progreditur,
771 1415 804 1472 et
831 1406 868 1471 in
895 1407 947 1472 his
977 1414 1011 1472 ct
1037 1407 1074 1471 in
1099 1407 1168 1471 illis
1196 1407 1404 1491 aequabilem
1432 1407 1598 1490 quendam
1626 1408 1777 1473 ordinem
1800 1407 1986 1489 similesque

411 1519 558 1583 rationes
581 1538 781 1602 cognoscere
804 1517 868 1582 sibi
890 1517 1073 1584 videbatur.
1103 1518 1220 1602 Neque
1243 1519 1377 1584 omnino
1400 1519 1578 1602 peculiaris
1601 1519 1893 1602 grammaticorum
1916 1517 1987 1580 dili-

410 1629 523 1712 gentia
549 1627 848 1712 praetermittenda
875 1634 936 1705 est,
971 1649 1036 1712 qua
1057 1636 1187 1694 tantam
1210 1629 1337 1712 copiam
1365 1629 1481 1712 lingua
1513 1629 1659 1694 oblatam
1691 1629 1795 1694 nimio
1822 1615 1989 1702 interdum

411 1739 520 1805 studio
543 1739 777 1823 dispensantes
800 1739 1039 1804 distribuentes
1067 1739 1108 1804 ad
1130 1745 1238 1804 certas
1260 1761 1395 1806 normas
1422 1748 1599 1806 revocante
1644 1739 1812 1806 erroribus
1839 1739 1990 1822 implicas

412 1851 549 1927 bantur,
578 1871 661 1932 quos
689 1849 816 1933 primae
843 1850 894 1914 illi
922 1850 1004 1914 artis
1026 1851 1263 1934 grammaticae
1291 1853 1393 1916 aetati
1415 1851 1512 1916 facile
1535 1761 1714 1942 condones,
1738 1849 1835 1915 hodie
1857 1849 1917 1916 vix
1939 1849 1991 1912 in-'

410 1960 561 2044 tellegas.
606 1959 760 2024 Eandem
781 1960 885 2044 igitur
907 1962 983 2025 κατὰ
1004 1962 1039 2022 τὸ
1062 1963 1128 2026 δέον
1153 1961 1285 2032 σύνταξιν
1308 1983 1407 2045 quam
1429 1962 1465 2026 in
1488 1960 1728 2044 coniungendis
1760 1961 1884 2025 litteris
1922 1959 1990 2044 syl-

411 2071 497 2137 labis
520 2073 730 2155 grammatici
751 2073 954 2150 invenerint,
976 2073 1013 2138 in
1035 2071 1218 2137 enuntiatis
1241 2094 1325 2155 quae
1348 2093 1391 2137 ex
1412 2072 1481 2136 illis
1504 2072 1678 2137 elementis
1702 2080 1856 2137 constent
1878 2072 1994 2137 valere

410 2189 503 2248 ratus
519 2182 721 2266 Apollonius
736 2183 930 2267 primum⁵⁴)
947 2203 1140 2248 communes
1155 2184 1306 2268 utrisque
1322 2184 1515 2249 affectiones
1532 2205 1605 2249 esse
1621 2183 1840 2248 demonstrat:
1857 2186 1941 2264 (cap.
1956 2180 1995 2262 2)

410 2293 505 2360 velut
527 2294 761 2380 diplasiasmum
783 2295 874 2358 etin
897 2293 1020 2360 litteris
1044 2301 1078 2359 et
1099 2295 1135 2358 in
1156 2294 1270 2360 verbis
1292 2294 1453 2374 inveniri;
1477 2315 1575 2377 quam
1598 2294 1634 2357 in
1656 2293 1768 2360 verbis
1792 2289 1997 2376 scripturam

410 2403 567 2470 vitiosam
589 2405 773 2481 vocaveris,
806 2425 882 2470 eum
905 2405 1138 2471 soloecismum
1161 2426 1235 2471 esse
1257 2406 1293 2470 in
1317 2405 1509 2481 sententiis,
1537 2405 1570 2469 id
1593 2425 1699 2488 genus
1722 2404 1851 2470 alia-
1873 2403 1998 2494 deinde,

410 2519 493 2598 (cap.
514 2515 548 2595 3)
584 2516 670 2580 sicut
697 2516 830 2580 litterae
857 2516 893 2580 in
916 2516 1050 2582 vocales
1073 2537 1111 2582 ac
1134 2537 1296 2582 consonas
1325 2516 1531 2592 dividantur,
1565 2517 1614 2580 ita
1640 2516 1802 2581 vocabula
1829 2515 1894 2580 alia
1917 2514 1991 2600 ῥητὰ

407 2624 580 2692 vocalibus
614 2625 750 2704 similia,
785 2626 941 2692 consonis
969 2627 1035 2692 alia
1063 2629 1299 2714 συσσημαίνοντα
1326 2648 1424 2712 posse
1452 2627 1629 2711 appellari,
1657 2627 1799 2711 denique
1826 2633 1865 2690 ut
1894 2642 1991 2696 XXIV
1997 2609 1998 2612 Ἴ

407 2737 539 2802 litterae
562 2743 653 2801 certo
676 2757 750 2801 sese
773 2738 943 2822 excipiant
966 2737 1091 2816 ordine,
1114 2739 1226 2804 itane
1250 2739 1410 2805 orationis
1427 2739 1566 2822 quidem
1588 2739 1735 2822 partium
1750 2737 1901 2804 ordinem
1923 2739 1989 2802 for-

407 2849 531 2913 tuitum
553 2867 636 2914 esse.
667 2847 740 2929 Quo
763 2849 864 2914 simul
886 2870 924 2914 ac
945 2870 1018 2914 rem
1041 2850 1207 2934 perduxit,
1230 2871 1353 2915 nomen
1376 2849 1531 2933 priorem,
1554 2848 1695 2916 verbum
1717 2848 1860 2913 alterum
1881 2848 1990 2912 locum

410 2957 571 3036 obtinere,
595 2980 660 3042 qua
682 2958 722 3024 dc
744 2981 781 3024 re
804 2959 1048 3026 dissensionem
1070 2961 1216 3044 aliquam
1238 2961 1328 3025 inter
1350 2945 1442 3026 viros
1465 2959 1580 3025 doctos
1602 2959 1706 3025 fuisse
1729 2967 1989 3024 consentaneum

408 3071 517 3154 sst⁵⁵),
541 3091 670 3152 queque
685 3070 774 3136 inter
790 3092 826 3136 sc
848 3071 1095 3136 necessitudine
1111 3071 1288 3137 coniuncta
1309 3071 1387 3147 sint,
1411 3069 1464 3136 his
1486 3071 1598 3136 verbis
1621 3071 1774 3155 exponit:
1799 3071 1845 3154 (p.
1859 3070 1909 3146 12,
1933 3069 1989 3153 13)

406 3183 533 3245 καὶτοῦ
556 3181 688 3265 ῥήματος
710 3183 743 3245 δὲ
765 3184 933 3268 ἀναγκαίως
955 3182 1107 3268 πρόκειται
1135 3184 1168 3246 τὸ
1192 3181 1296 3266 ὄνομα,
1326 3184 1391 3246 ἐπεὶ
1417 3183 1451 3245 τδ
1475 3182 1638 3246 διατιθέναι
1666 3183 1716 3246 καὶ
1743 3183 1776 3245 τὸ
1805 3180 1989 3244 διατίθεσθαι

408 3295 547 3375 σώματος
571 3290 660 3368 ἴδιον,
689 3296 751 3361 ταῖς
773 3294 806 3356 δὲ
828 3297 960 3378 σώμασιν
984 3295 1127 3359 ἐπίκειται
1155 3295 1175 3376 ἡ
1199 3296 1278 3364 θέσις
1300 3300 1358 3358 τῶν
1387 3293 1541 3377 ὀνομάτων
1571 3295 1600 3365 ἐξ
1623 3295 1663 3356 ὧν
1686 3295 1705 3377 ἡ
1732 3292 1842 3379 ἰδιότης
1863 3297 1915 3356 τοῦ
1940 3316 1989 3376 ρη-

411 3424 510 3484 paroc,
534 3403 612 3486 λέγω
635 3403 688 3486 τὴν
713 3404 857 3488 ἐνέργειαν
880 3409 930 3469 καὶ
953 3407 987 3468 τὸ
1010 3407 1117 3477 πάθας.
1145 3427 1171 3471 s.
1195 3429 1225 3489 q.
1248 3428 1275 3471 s.
1303 3404 1421 3470 deinde
1449 3411 1627 3488 postquam
1648 3403 1824 3489 participio
1852 3441 1894 3452 -
1921 3423 1989 3466 non

407 3514 606 3596 pronomini,
634 3515 788 3598 quamvis
815 3517 961 3582 nominis
989 3517 1063 3582 vioe
1090 3517 1250 3600 fungatur
1277 3553 1319 3564 -
1346 3517 1484 3581 tertium
1511 3515 1620 3580 locum
1644 3514 1893 3580 attribuendum
1916 3535 1989 3579 esse

406 3624 570 3708 probabili
592 3626 722 3691 ratione
745 3627 905 3704 ostendit,
933 3628 973 3693 de
996 3628 1135 3712 reliquis
1163 3627 1324 3693 orationis
1346 3626 1498 3710 partibus
1521 3632 1680 3690 consueto
1703 3624 1818 3690 ordine
1841 3647 1877 3691 se
1900 3627 1988 3690 exci-

406 3734 576 3818 pientibus
597 3738 745 3806 breviter
767 3739 838 3823 agit
860 3737 1008 3821 (-18,21).

509 3847 585 3929 Quo
608 3851 753 3929 exordio,
776 3889 818 3899 —
841 3857 879 3916 ut
901 3871 1004 3934 supra
1025 3851 1176 3934 exposui,
1198 3849 1256 3914 ubi
1278 3849 1318 3915 de
1334 3847 1520 3914 Herodiani
1542 3846 1630 3931 apud
1651 3849 1855 3914 recentiores
1878 3870 1987 3932 gram-

405 3959 546 4025 maticos
574 3963 770 4030 auctoritate
805 3961 859 4047 egi
891 4001 934 4010 -
966 3962 1188 4027 imitationem
1219 3983 1296 4028 cum
1325 3959 1459 4026 omnino
1488 3967 1577 4023 tum'
1598 3958 1634 4022 in
1667 3959 1741 4044 ipsa
1773 3965 1845 4024 arte
1878 3979 1988 4041 gram-

405 4072 528 4136 matica
555 4091 654 4154 quam
681 4070 845 4138 latissime
871 4081 986 4158 patere
1018 4072 1188 4138 luculento
1217 4071 1371 4156 exemplo
1399 4071 1629 4146 confirmatur,
1658 4070 1780 4154 quippe
1809 4068 1896 4152 quod
1918 4070 1987 4153 By-

406 4183 549 4248 zantinis
571 4181 763 4248 hominibus
786 4183 867 4248 adeo
889 4183 1044 4249 videatur
1066 4185 1243 4269 probatum
1269 4183 1387 4258 fuisse,
1420 4189 1459 4246 ut
1488 4181 1528 4245 ab
1557 4180 1605 4244 sis
1633 4180 1768 4263 proprio
1795 4187 1903 4245 marte
1931 4180 1987 4244 ad-

408 4299 543 4359 auctum
565 4292 757 4359 scholarum
779 4294 815 4358 in
836 4315 936 4360 usum
958 4294 1179 4361 adhiberetur.
1211 4294 1286 4376 Quo
1308 4294 1344 4358 in
1366 4312 1505 4357 numero
1520 4290 1663 4356 Maximi
1678 4289 1843 4356 Planudis
1865 4290 1989 4356 librum

405 4403 462 4484 qui
483 4404 691 4470 inscribitur:
713 4406 781 4490 περὶ
805 4407 972 4478 συντάξεως
993 4407 1139 4490 primum
1166 4406 1422 4492 appellaverim,
1456 4403 1550 4469 cuius
1578 4401 1765 4467 doctrinam
1792 4423 1868 4468 cum
1895 4403 1987 4468 illius

405 4513 525 4580 aetatis
546 4516 708 4582 memoria
729 4523 819 4583 arcto
842 4516 1065 4594 coniunctam,
1089 4523 1252 4600 quantum
1274 4515 1408 4600 quidem
1430 4513 1472 4579 ad
1493 4519 1645 4580 nostram
1660 4513 1888 4598 quaestionem
1911 4535 1986 4598 per-

507 4779 541 4848 “)
559 4782 592 4832 cl.
610 4781 641 4834 1..
650 4782 744 4850 Lange
762 4783 811 4836 dns
829 4787 930 4854 system
946 4781 996 4836 dor
1012 4786 1110 4852 syntax
1128 4783 1176 4837 des
1188 4781 1349 4852 Apollonios
1360 4779 1500 4850 Dyscolos.
1511 4779 1659 4846 Gottingae
1678 4778 1746 4833 1852
1763 4779 1819 4848 p.4
1836 4796 1879 4844 ss,
1898 4779 1985 4832 Stein-

406 4861 472 4918 tbsl.
490 4881 517 4932 p.
534 4864 585 4919 585
602 4881 636 4918 ss.
673 4869 705 4934 ⁵⁸)
724 4868 757 4922 cl.
775 4873 866 4923 tammr
884 4867 1031 4922 Steinthal.
1048 4885 1075 4938 p.
1093 4868 1151 4922 591.

1763 4965 1783 5016 4
