4240 5512
1048 315 1371 388 *31*

421 521 479 586 vix
501 541 567 584 uno
591 518 693 584 verbo
717 523 844 616 mutato
867 517 905 580 τὰ
928 519 1115 602 ὁμώνυμα,
1139 517 1256 600 inquit,
1280 519 1321 580 ὧν
1346 514 1439 600 όνομα
1464 518 1514 600 μὲν
1538 515 1648 596 κοινόν,
1674 517 1689 578 ό
1714 517 1746 579 δὲ
1767 515 1845 578 κατὰ
1868 515 2000 597 τοόνομα

419 631 507 712 λόγος
529 635 581 714 τῆς
604 630 706 698 οὐσίας
730 631 881 715 διάφορος.
912 627 973 692 Καὶ
996 629 1034 690 τὰ
1057 631 1252 712 συνώνυμα
1274 631 1313 693 ὧν
1337 628 1370 690 τό
1394 652 1426 692 τε
1451 625 1544 711 όνομα
1567 629 1617 691 καὶ
1641 628 1656 689 ό
1680 627 1769 710 λόγος
1783 627 1894 691 κοινόν.
1923 627 2003 706 Quoi

418 740 524 823 magis
547 747 659 804 autom
681 739 914 804 definitionum
936 738 1161 822 discrepantia
1183 745 1363 816 statuatur,
1391 760 1475 822 quae
1497 739 1585 804 inter
1608 739 1813 823 Dionysium
1835 744 1870 803 et
1891 726 2003 820 spito-¹

417 872 506 916 mam
528 851 579 914 int
566 849 715 927 tercedit,
694 847 893 934 tehempla
908 872 927 914 a
942 849 1131 933 Dionysio'
1122 871 1157 912 m
1160 856 1211 914 ter
1227 871 1415 935 synonyma
1430 849 1511 914 ellat
1498 857 1544 914 tza
1569 850 1624 934 ἄορ
1641 851 1723 935 ξίφος
1739 852 1876 934 μάχαιρα
1896 849 2005 947 σπάθη

417 964 568 1048 φάσγανον
592 962 635 1025 in.
650 962 719 1044 epit
721 983 796 1027 oma
817 961 955 1046 polyony
955 983 1097 1026 morum
1119 961 1253 1026 nomino
1276 961 1535 1026 continentur..
1552 961 1665 1024 εἰοε
1687 959 1833 1029 πλειόνως
1854 952 2006 1023 πολυώ

416 1095 528 1156 νυμον
553 1075 594 1140 ώς
617 1071 671 1157 ἄορ
696 1073 795 1158 σπάθη
820 1074 983 1157 φάσγανον.
1022 1073 1134 1154 Atque
1157 1092 1228 1136 eam
1254 1071 1387 1154 (γυιώσω
1403 1071 1579 1156 srgmfioa
1571 1093 1681 1136 ronem
1693 1071 1867 1154 Peripatet
1819 1032 2007 1137 teticoruml

417 1204 491 1248 esse
513 1182 638 1247 diserto
661 1182 859 1248 scholiastae
882 1183 1074 1248 testimonio
1096 1181 1265 1248 docemur:
1290 1181 1374 1264 (868,
1400 1182 1453 1264 14)
1477 1181 1655 1267 Συνώνυμόν
1679 1183 1740 1246 ἐστι
1762 1184 1795 1244 τὸ
1819 1183 1849 1244 ἐν
1866 1183 2008 1246 πλείοσινι

419 1295 543 1378 ὀνόμασι
567 1300 620 1379 μιᾷ
647 1293 733 1377 οὐσίᾳ
762 1294 954 1377 ὑποκείμενον
984 1295 1045 1359 οἷον
1075 1293 1170 1380 piperi
1206 1293 1310 1378 βροτὸς
1338 1293 1496 1377 ἄνθρωπος
1522 1275 1618 1378 Ιόίπερ
1654 1295 1685 1356 οἱ
1708 1292 2009 1378 Περιπατητικοί

418 1408 642 1490 πολυώνυμον
664 1405 849 1490 λέγουσιν,
878 1425 1020 1490 quocum
1048 1404 1173 1470 scholia
1195 1401 1333 1468 Nicand.
1357 1403 1454 1468 Alex.
1477 1403 1540 1468 526
1563 1403 1661 1470 Ther.
1684 1405 1747 1468 512
1775 1401 2011 1482 consentiunt}

417 1515 475 1580 ubi
498 1517 590 1600 μόκής
614 1517 756 1602 ἀμανίτής
774 1517 909 1602 βωλίτής,
934 1517 1112 1600 fungorum
1132 1515 1284 1583 diversae
1300 1515 1438 1599 species,
1461 1515 1741 1600 polyonymorum
1757 1515 1892 1581 nomine
1908 1511 2011 1578 eom-³

418 1626 680 1710 prehenduntur.
992 1711 996 1726 ,

519 1736 586 1803 Sed
614 1739 889 1823 philosophorum
916 1739 1159 1815 auctoritatem,
1193 1759 1293 1820 quam
1321 1759 1422 1822 supra
1449 1738 1516 1802 iam
1543 1737 1838 1821 deprehendimus,
1872 1737 1908 1800 in
1935 1735 2014 1812 hac,

416 1849 653 1930 grammaticae
676 1856 770 1933 parte
793 1851 894 1914 etiam
916 1850 1017 1914 latius
1040 1857 1154 1933 patere
1177 1849 1251 1932 ipsa
1278 1870 1544 1934 synonymorum
1572 1847 1766 1914 definitione
1788 1849 2015 1914 demonstra-¹

416 1969 484 2024 tur:
518 1981 611 2043 quae,
634 1961 663 2026 si
686 1961 921 2044 grammaticae
944 1961 1108 2026 rationem
1131 1968 1271 2044 spectas,
1300 1959 1512 2026 nullomodo
1536 1959 1757 2026 ferendaest:
1796 1981 1874 2024 nam
1898 1979 2016 2025 voca-³

415 2070 502 2147 bula,
526 2093 666 2153 quorum
689 2079 723 2137 et
743 2094 866 2138 nomon
889 2081 923 2138 et
945 2073 1029 2140 ratio
1052 2073 1242 2138 communia
1264 2073 1347 2150 sint,
1370 2110 1411 2118 -
1433 2073 1587 2138 ita'enim
1610 2071 1807 2138 vertendum
1830 2071 1899 2136 fere
1922 2091 2018 2156 essej

415 2189 496 2265 puto
519 2221 561 2230 -
583 2183 746 2268 distingui
768 2206 836 2249 non
858 2205 957 2269 posse
980 2191 1130 2268 apparet:
1165 2192 1199 2248 at
1226 2183 1375 2249 definitio
1405 2191 1456 2248 ost
1479 2183 1696 2260 Aristotelea,
1731 2183 1863 2266 inipso
1885 2183 1994 2246 fronte

414 2291 520 2358 libelli
544 2295 661 2377 posita,
685 2297 743 2378 qui
763 2298 938 2382 κατηγορίαι
960 2296 1143 2379 inscriptus
1167 2301 1226 2360 est.
1271 2296 1321 2360 Ac
1349 2294 1425 2362 vide
1448 2315 1547 2377 quam
1569 2293 1800 2378 imprudenter
1821 2315 1864 2358 ne
1887 2293 1995 2358 dicam

414 2403 528 2486 inepte
551 2407 761 2489 grammatici
783 2407 843 2472 has
866 2407 1057 2491 philosophi
1079 2408 1318 2491 explicationes
1342 2407 1482 2491 alonge
1510 2407 1653 2474 diversis
1676 2405 1861 2472 rationibus
1884 2406 1994 2488 profe-

414 2523 485 2579 ctas
507 2516 543 2578 in
566 2517 723 2603 Dionysii
745 2518 868 2584 librum
890 2519 1104 2584 intruserint:
1128 2539 1206 2583 nam
1230 2519 1431 2584 Aristoteles
1454 2518 1533 2584 dum
1555 2519 1808 2602 grammaticam
1830 2517 1915 2581 nihil
1938 2538 1993 2580 cu-

413 2646 492 2692 rans
514 2627 550 2690 in
573 2649 685 2692 rerum
707 2637 861 2694 naturam
884 2629 1024 2713 inquirit
1050 2638 1120 2694 tres
1144 2629 1422 2715 homonymorum
1445 2651 1710 2715 synonymorum
1732 2649 1992 2713 paronymorum

412 2735 622 2804 definitiones
645 2739 730 2805 libro
753 2740 921 2824 praefixit,
951 2741 1070 2824 quibus
1093 2762 1147 2806 res
1174 2742 1266 2824 ipsas
1288 2742 1475 2808 metiretur:
1514 2741 1548 2806 hi
1575 2741 1767 2806 discrimine
1795 2739 1882 2823 quod
1904 2741 1994 2804 inter

412 2870 466 2914 res
489 2870 666 2934 rerumque
688 2851 824 2916 nomina
845 2853 1025 2918 intercedit
1046 2875 1183 2936 prorsus
1206 2854 1372 2936 neglecto,
1406 2854 1442 2918 in
1471 2852 1632 2919 vocabula
1659 2873 1742 2935 quae
1765 2851 1865 2916 rebus
1886 2851 1991 2934 impo-

411 2968 538 3026 nuntur
571 2983 628 3028 eas
651 2963 897 3028 transtulerunt
924 2970 958 3029 et
979 2965 1091 3029 omnia
1112 2963 1404 3048 perturbaverunt.
1444 2985 1522 3028 nam
1550 2962 1653 3030 verba
1682 2983 1812 3045 quoque
1846 2982 1929 3044 quae
1957 2962 1992 3024 in

413 3073 559 3156 epitoma
581 3086 740 3140 secuntur
761 3096 830 3140 non
853 3074 893 3140 de
916 3077 1124 3162 synonymis,
1147 3097 1231 3159 quae
1253 3074 1462 3159 grammatici
1488 3082 1615 3150 vocant,
1639 3073 1697 3139 sed
1717 3073 1757 3138 do
1777 3073 1991 3138 Aristoteleis

412 3182 639 3268 intellegenda
661 3193 752 3250 sunt:
776 3184 967 3272 Ἀναγκαίως
990 3190 1022 3251 δὲ
1049 3187 1087 3249 τὰ
1109 3187 1185 3251 κατὰ
1212 3185 1345 3270 τοόνομα
1372 3189 1530 3271 συνώνυμα
1557 3186 1750 3272 εὑρεθήσεται
1775 3186 1921 3269 ὁμώνυμα
1942 3185 1991 3248 καὶ

413 3294 540 3359 ἐπὶτῶν
564 3296 725 3382 tticum)
754 3298 921 3362 κείσθωσαν
949 3299 1004 3384 γὰρ
1028 3299 1080 3362 tto
1109 3297 1248 3368 Αἴαντες·
1278 3299 1434 3382 ὁμώνυμοι
1463 3299 1570 3377 τοίνυν,
1601 3297 1750 3360 ἀλλὰκαὶ
1773 3299 1814 3364 ὡς
1837 3295 1990 3379 ἄνθρωποι

416 3405 509 3491 ἄμφω
532 3410 711 3490 συνώνυμοι.
735 3409 814 3473 ἀλλὰ
835 3409 912 3472 κατὰ
934 3410 968 3471 τὸ
992 3408 1067 3478 Αἴας
1089 3409 1178 3492 λόγος
1201 3415 1336 3495 ζητεῖται·
1361 3408 1415 3473 οὔκ
1436 3411 1493 3475 εἰσι
1508 3410 1605 3472 τοίνυν
1623 3411 1794 3491 συνώνυμα·
1819 3408 1835 3470 ό
1860 3409 1911 3490 μὲν
1934 3407 1990 3490 γὰρ

413 3518 528 3601 Λοκρὸς
547 3517 674 3589 Ὀἰλέως
703 3521 765 3589 υίὸς
787 3521 837 3583 καὶ
864 3521 958 3604 ταχὺς
980 3520 1090 3597 πόδας,
1119 3522 1134 3583 ό
1162 3519 1187 3584 δ’
1221 3521 1254 3584 ἐκ
1281 3521 1451 3603 Σαλαμῖνος
1473 3519 1654 3604 Τελαμῶνος
1681 3521 1744 3588 υίὸς
1775 3519 1991 3602 μονομαχήσας

407 3622 538 3713 Ἕκτορι.
575 3633 650 3696 Duo
674 3632 793 3709 Aiaces,
816 3631 934 3714 inquit,
963 3633 1143 3718 homonymi,
1170 3635 1223 3696 sed
1245 3633 1337 3696 ctiam
1359 3645 1460 3719 utpote
1488 3634 1610 3718 quidem
1631 3633 1719 3696 homo
1742 3643 1874 3716 uterquc,
1903 3651 1989 3714 syno-

411 3739 511 3824 nymi:
533 3753 665 3809 unomen
679 3743 917 3829 saeuitiaeque
939 3743 1045 3806 Aiacis
1067 3745 1216 3808 cononem
1240 3746 1361 3830 quaeri:
1387 3767 1448 3810 non
1470 3719 1602 3830 amplias
1623 3745 1784 3830 synonymi
1805 3753 1881 3806 sunt.

515 3849 583 3915 Sed
604 3861 642 3918 ut
664 3854 745 3921 haec
766 3855 949 3933 mittamus,
972 3861 1077 3920 restat
1099 3865 1137 3920 ut
1158 3855 1250 3920 locus
1273 3855 1309 3920 iu
1326 3833 1484 3939 Dionysii
1507 3854 1651 3931 scholiis,
1675 3855 1733 3936 qui
1755 3853 1796 3919 ad
1818 3853 1893 3936 ipsa
1915 3851 1987 3935 phi-

409 3961 626 4046 losophorum
648 3974 826 4050 praecepta
847 3967 1002 4050 pertinet,
1027 3988 1103 4032 oum
1125 3967 1245 4032 ceteris
1268 3987 1350 4050 quos
1367 3967 1582 4050 exposuimus
1598 3965 1815 4031 consocietur.
1844 3962 1988 4046 Stepha-

410 4093 474 4137 nus
496 4072 599 4156 igitur
621 4073 901 4159 polyonymorum
929 4077 1153 4162 explicatione
1181 4077 1365 4161 praemissa
1394 4077 1467 4162 ἅπερ
1497 4079 1525 4140 οἱ
1548 4076 1776 4162 Περιπατητικοὶ
1803 4077 1988 4156 πολυώνυμα

410 4184 544 4266 λέγουσιν
569 4186 616 4252 sic
639 4186 750 4270 porgit
777 4187 862 4269 (868,
892 4188 959 4270 16).
999 4189 1237 4273 όμώνυμαδὲ
1222 4188 1362 4252 tract
1391 4188 1465 4252 αὐτὸ
1488 4187 1572 4271 γένος
1599 4187 1711 4273 ἔχοντα
1738 4189 1788 4252 καὶ
1816 4189 1870 4271 τήν
1895 4186 1986 4269 αὐτὴν

411 4293 523 4360 οσ.ὐίαν
546 4297 580 4359 τὸ
604 4297 762 4382 ἄνθρωπος
784 4299 873 4368 ίππος
895 4299 1044 4385 ἔλαφος
1032 4303 1207 4384 ομώνυμοί
1230 4322 1329 4388 φασιν,
1352 4301 1416 4363 ἐπεὶ
1439 4299 1476 4362 τὰ
1499 4301 1565 4384 τρία
1586 4299 1653 4363 κατ’
1679 4299 1732 4384 cipp
1734 4299 1808 4362 νων
1824 4299 1915 4369 καλ
1899 4295 1986 4383 ζώων

410 4403 531 4490 ἐλέχθη.
566 4407 660 4490 Quae
688 4409 791 4475 verba
812 4409 888 4494 plus
911 4433 978 4476 uno
1001 4411 1098 4478 modo
1122 4411 1322 4478 claudicant:
1359 4432 1438 4476 nam
1460 4417 1565 4478 totam
1592 4410 1758 4478 observat
1735 4417 1861 4476 tronem
1883 4410 1912 4475 si
1935 4430 1986 4472 re-

408 4517 567 4598 spexeris,
590 4527 668 4604 post
689 4541 729 4585 ea
751 4541 834 4604 queo
857 4520 897 4586 de
919 4521 1116 4608 polyonymi
1138 4545 1201 4588 usu
1224 4523 1311 4606 apud
1333 4522 1576 4606 Peripateticos
1599 4521 1752 4606 exposita
1772 4530 1859 4600 sunt,
1883 4519 1987 4604 (quod

408 4677 660 4696 *Ἥ

512 4783 543 4851 ¹⁰)
563 4784 601 4835 ito
619 4785 675 4838 iere
694 4789 777 4840 verbo
794 4788 906 4840 codicis:
926 4787 1074 4858 ἀναγκαίως
1093 4787 1165 4841 δὲτὸ
1184 4789 1251 4840 κατὰ
1263 4787 1378 4858 τοῦνομα
1396 4788 1440 4840 καὶ
1459 4786 1599 4857 συνώνυμα
1613 4786 1777 4858 εὑρεθήσεται
1788 4787 1832 4838 sol
1850 4786 1882 4838 τὰ
1901 4783 1982 4836 συνώ-

407 4881 477 4934 νυμα
495 4863 623 4937 ὁμώνυμα
641 4869 812 4924 sclistron
832 4871 921 4926 ἄλλων
940 4873 1109 4926 emendanda
1126 4890 1185 4926 esse
1204 4879 1278 4944 puto.
