4240 5512
903 264 1227 338 -16-

272 467 338 550 περὶ
360 465 526 536 συντάξεως
547 471 605 530 τῶν
630 469 783 551 στοιχείων
807 467 878 532 sive
900 469 967 552 περὶ
988 469 1101 538 τάξεως
1123 472 1181 529 τῶν
1204 466 1248 531 κδ’
1279 469 1433 552 στοιχείων
1463 469 1503 534 ab
1527 467 1719 534 Herodiano
1747 471 1850 554 Apol-

271 577 356 641 lonii
377 576 446 642 filio
470 579 695 662 couscriptum
722 599 796 644 esse
819 579 979 644 Lentuius
1002 571 1104 662 praef.
1126 600 1157 661 p.
1180 577 1297 642 XOVI
1325 577 1470 643 ostendit
1497 579 1633 662 eiusque
1661 581 1851 663 fragmenta

272 688 419 770 collegit:
443 688 557 753 eodem
575 689 721 772 pertinet
736 689 957 774 Melampodis
974 689 1142 754 adnotatio
1159 689 1231 765 818,
1248 690 1268 751 4
1285 710 1328 754 ss.
1345 691 1494 772 alterque
1511 689 1603 754 locus
1621 691 1706 770 (789,
1723 690 1764 754 25
1782 693 1850 776 ss),

272 799 330 880 qui
344 800 457 864 verbis
472 799 545 878 818,
562 800 617 864 ll:
645 803 686 869 ὡς
701 800 814 886 ἔφαμεν
830 801 886 886 γὰρ
902 801 939 864 τὰ
962 801 1122 886 φθάσαντα
1144 823 1231 862 τινων
1254 804 1434 882 προταγῆναι
1458 801 1672 882 significatur.
1718 801 1848 882 Quibus

272 911 432 976 confectis
456 912 620 994 epitomae
643 919 758 976 auctor
780 911 906 978 verbis:
936 910 1002 976 Ἔτι
1019 913 1193 997 ἀμετάβολα
1210 911 1326 992 λέγεται
1350 914 1518 996 συμφώνων
1540 912 1590 995 μὲν
1608 911 1626 973 ἃ
1651 915 1724 996 μήτε
1740 937 1766 974 κ,
1782 935 1808 975 τ.
1824 917 1851 976 λ.

272 1024 316 1103 (p.
332 1019 383 1098 24,
399 1021 499 1106 med.)
516 1021 603 1086 redit
618 1021 660 1086 ad
674 1023 894 1088 mutationem
914 1023 1008 1086 illam
1022 1023 1089 1086 iam
1106 1043 1206 1106 supra
1229 1022 1377 1088 breviter
1392 1043 1411 1084 a
1426 1022 1523 1086 nobis
1539 1021 1728 1098 indicatam,
1752 1044 1850 1105 quam

271 1131 306 1193 in
328 1131 474 1196 flexione
491 1132 632 1196 subeant
654 1139 689 1198 et
711 1153 877 1198 consonae
900 1140 933 1197 et
949 1133 1081 1198 vocales
1089 1133 1145 1216 ³⁴):
1168 1131 1256 1195 unde
1280 1131 1380 1196 simul
1402 1131 1443 1196 ad
1466 1131 1690 1216 diphthongos
1714 1153 1849 1198 enume-

271 1241 393 1306 randas
409 1243 465 1308 via
479 1244 646 1326 patefacta
668 1252 728 1321 est,
751 1244 927 1326 dequibus
950 1245 986 1308 in
1001 1244 1132 1308 Veneto
1149 1242 1311 1326 singulari
1327 1241 1566 1326 disputatione:
1589 1245 1655 1328 περὶ
1679 1244 1850 1330 διφθὸγγων

270 1351 433 1436 inscripta
456 1353 640 1418 disseritur.

374 1467 423 1527 Ae
446 1463 700 1570 fundamentum
724 1464 856 1546 quidem
879 1466 982 1529 totius
1006 1486 1089 1548 quae
1112 1471 1173 1604 est
1186 1463 1225 1528 de
1249 1462 1464 1548 diphthongis
1488 1461 1590 1526 doct
1550 1468 1657 1526 trmae
1679 1463 1715 1526 in
1739 1485 1848 1546 gram·

271 1713 310 1756 eo
336 1713 476 1756 numero
502 1632 662 1770 rationes,
695 1693 813 1776 quibus
845 1715 888 1758 ex
920 1634 1008 1758 binis
1035 1607 1205 1759 vocalibris
1239 1693 1465 1776 diphthongus
1497 1693 1571 1758 fieri
1604 1701 1731 1775 posset,
1766 1715 1850 1757 non-

270 1801 349 1866 dum
372 1802 552 1868 exhaustas
575 1824 648 1868 esse
670 1803 858 1888 Melampus
882 1804 922 1868 ad
945 1826 1021 1868 eum
1042 1825 1140 1886 quem
1163 1804 1377 1886 adposuimus
1399 1804 1509 1868 locum
1530 1810 1619 1868 recte
1643 1803 1851 1869 observavit:

271 1911 356 1992 (803,
379 1916 413 1995 5)
437 1915 541 1978 Λείπει
563 1915 596 1976 τὸ
620 1913 762 2000 εὔφωνοι·
787 1915 821 1979 οὐ
844 1915 900 1999 γὰρ
926 1915 1011 1998 μόνοι
1035 1916 1106 1978 εἰσὶν
1129 1915 1160 1985 ἓξ
1184 1915 1277 1997 [ἀλλὰ
1300 1915 1509 1996 δυοκαίδεκα];
1532 1915 1580 1979 ita
1602 1915 1691 1979 enim
1715 1936 1757 1979 ex
1780 1913 1848 1978 eod.

270 2023 302 2086 D
327 2033 374 2100 (=
396 2023 504 2090 Vatia.
529 2024 612 2088 1766
635 2023 673 2090 cf.
698 2025 774 2090 BA.
796 2048 827 2109 p.
851 2024 948 2108 1162)
973 2026 1196 2109 supplendum
1219 2046 1292 2090 esse
1316 2025 1528 2090 adnotatione
1552 2027 1667 2090 critica
1689 2029 1734 2108 (p.
1752 2022 1848 2106 1172)

270 2133 436 2200 docemur.
482 2134 550 2216 Qui
572 2153 628 2206 ΧΠ
655 2158 814 2202 numerus
843 2157 881 2202 eo
904 2137 1008 2222 ‘modo
1038 2137 1182 2202 efficitur
1203 2145 1242 2200 ut
1263 2136 1411 2220 εὐφώνοις
1432 2135 1500 2200 illis
1524 2143 1593 2201 tres
1616 2137 1788 2222 κακόφωνοι
1811 2158 1849 2219 ηο

270 2269 313 2308 co
330 2269 358 2308 οι
374 2255 443 2310 tres
460 2245 576 2332 ἄφωνοι
593 2273 618 2332 ῳ
633 2271 654 2330 ῃ
672 2271 690 2330 ᾳ
707 2247 961 2332 subiungantur.
978 2247 1035 2312 sed
1056 2249 1178 2312 mirum
1201 2246 1354 2329 estquod
1376 2246 1464 2311 idem
1488 2245 1669 2312 scholiasta
1690 2265 1851 2329 perversa

270 2355 552 2439 diphthongorum
579 2357 860 2422 numerandamm
891 2359 1020 2424 ratione
1049 2380 1128 2423 usus
1156 2359 1204 2422 sio
1231 2358 1355 2441 pergit:
1390 2359 1439 2420 rel
1467 2357 1501 2419 οὐ
1531 2357 1621 2439 μόνον
1651 2358 1723 2420 εἰσὶν
1751 2357 1782 2426 ἓξ
1811 2355 1850 2418 δι’-

269 2467 396 2552 φθογγοι
421 2467 485 2531 ἀλλ’
509 2469 624 2532 ἕνδεκα.
660 2475 758 2550 atque
782 2469 934 2534 extitisse
956 2471 1045 2534 inter
1079 2471 1313 2553 grammaticos
1342 2469 1486 2552 aliquam
1510 2467 1550 2532 de
1574 2489 1688 2532 earum
1711 2489 1849 2537 numero

269 2577 648 2662 disceptationemque
675 2580 761 2644 alius
789 2581 853 2645 alio
876 2581 973 2646 modo
1003 2602 1076 2646 sese
1099 2580 1285 2664 expediret,
1314 2601 1352 2644 ec
1375 2581 1448 2664 ipso
1473 2579 1598 2645 scholio
1623 2580 1847 2652 confirmatur,

270 2711 333 2772 quo
357 2689 578 2774 Melampodis
606 2691 766 2756 scholion,
780 2693 945 2775 excipitur
973 2692 1147 2772 (803‚16),
1181 2691 1239 2755 ubi
1261 2715 1280 2774 cp
1302 2690 1509 2774 diphthongo
1545 2691 1669 2754 omissa
1695 2688 1848 2753 undecim

270 2809 511 2867 summerseta
536 2802 691 2867 efficitur:
716 2823 856 2884 quocum
879 2810 914 2866 et
934 2804 1008 2886 ipsa
1030 2804 1188 2886 comissa
1204 2801 1426 2866 Choercbosci
1449 2800 1722 2893 (1311121111)
1746 2799 1849 2864 series

269 2913 368 2994 plane
391 2913 566 2978 consentit.
610 2914 806 2997 Augebatur
840 2921 952 2978 autem
985 2935 1025 2978 ea
1047 2913 1227 2978 difficultas
1260 2935 1297 2978 ac
1320 2913 1495 2988 dubitatio,
1531 2933 1605 2976 cum
1640 2910 1849 2994 grammatici

268 3024 315 3088 alt
302 3035 409 3088 teram
432 3023 654 3088 distribuendi
676 3025 766 3090 viam
793 3025 856 3088 κατ’
880 3027 1081 3110 ἐπικράτειαν,
1110 3026 1186 3088 κατὰ
1159 3029 1330 3158 ,κρᾶοικ
1354 3025 1498 3088 κατὰέ
1454 3047 1481 3088 οι
1483 3025 1583 3095 έΕοδον
1616 3021 1773 3104 ingressi,
1798 3007 1870 3152 eui'

273 3257 303 3325 ἇι
327 3271 361 3328 ο1
383 3288 411 3326 οι
438 3285 458 3328 a
484 3265 604 3329 ceteris
632 3285 670 3328 eo
698 3263 893 3330 viderentur
924 3263 1071 3343 differre,
1100 3263 1187 3347 quod
1219 3268 1447 3348 correptamln
1479 3151 1688 3330 vocalium
1679 3267 1788 3324 instar
1815 3268 1850 3322 et

270 3383 364 3454 ὀξεῖαν
393 3384 427 3446 in
455 3377 741 3466 antepaenultime
768 3391 802 3446 et
823 3386 1047 3468 περιαπτομένην
1075 3385 1111 3447 in
1138 3385 1346 3468 paenultima
1373 3381 1601 3458 admitterent,
1626 3402 1689 3464 quo
1713 3374 1739 3444 εἷ
1761 3381 1847 3444 refe·

267 3501 407 3566 rendum
431 3510 529 3580 esset,
552 3502 626 3566 ideo
642 3502 862 3578 dubitabatur,
884 3498 998 3585 quodi
1013 3502 1219 3568 Graecorum
1243 3525 1281 3568 ea
1304 3509 1412 3568 aetate
1429 3503 1599 3567 simillime
1619 3499 1754 3566 videtur
1768 3522 1845 3582 pro-

267 3614 422 3678 nuntiata
437 3611 519 3678 esse.
543 3613 721 3679 Invenitur
736 3620 847 3678 autem
863 3613 968 3678 altera
983 3614 1042 3678 illa
1056 3615 1338 3698 diphthongorum
1355 3615 1476 3680 divisio
1491 3615 1527 3676 in
1544 3611 1670 3677 scholio
1686 3611 1758 3689 804,
1771 3609 1790 3675 7
1805 3633 1845 3676 ss.

268 3724 356 3805 quod
378 3733 491 3790 tamen
513 3745 636 3806 magna
658 3745 700 3788 ex
722 3733 817 3807 parte
840 3725 996 3789 mutilum
1018 3725 1104 3792 1..12
1127 3733 1203 3809 post
1225 3725 1340 3792 verba:
1363 3727 1438 3789 κατὰ
1461 3729 1562 3808 κρᾶσιν
1579 3744 1597 3787 e
1613 3722 1844 3788 Ohoeroboseo

266 3844 511 3910 l.c.hunc'1n
539 3843 674 3908 modum
701 3851 771 3908 rest
759 3844 945 3922 tituendum
974 3852 1038 3909 est:
1073 3847 1148 3908 αἱο
1133 3845 1262 3908 οὲκατὰ
1284 3846 1386 3930 κρᾶσίν
1412 3846 1541 3924 [εἰσιν
1526 3869 1567 3914 ως
1589 3843 1635 3906 ἐπὶ
1663 3848 1715 3926 τῆς
1743 3835 1776 3905 ου
1806 3843 1844 3902 δι-

267 3963 402 4048 φθόγγου
425 3965 475 4026 κοι1
498 3967 551 4046 τῆς
574 3987 611 4026 οιυ
634 3965 683 4027 καὶ
709 3970 762 4048 τῆς
785 3987 856 4029 ευ..
889 3964 995 4028 ,κατὰ
1019 3963 1149 4034 διέξοδον
1172 3965 1204 4028 δέ
1228 3965 1339 4028 εἰσιν
1324 3987 1424 4032 ωςττ
1387 3965 1424 4027 ἐπ
1425 3966 1435 4027 1
1462 3967 1515 4046 τῆς
1540 3986 1579 4048 ην
1604 3961 1824 4049 διφθόγγου
1790 3982 1843 4041 της

267 4083 318 4146 διὰ
340 4089 433 4168 τοῦτ)
457 4084 506 4146 καὶ
530 4107 557 4161 o,
587 4085 637 4146 καὶ
665 4087 718 4168 τῆς
746 4107 788 4144 ωυ
817 4087 870 4166 τῆς
898 4084 947 4146 διὰ
974 4088 1027 4146 τοῦ
1051 4109 1075 4145 ω
1103 4085 1152 4148 καὶ
1176 4108 1191 4146 o
1220 4087 1269 4148 καὶ
1295 4107 1347 4168 της
1370 4107 1398 4146 υι
1420 4087 1473 4167 τῆς
1496 4085 1545 4148 διὰ
1567 4088 1618 4148 ’τοῦ
1642 4105 1658 4144 u
1639 4073 1765 4142 καὶ
1755 4103 1804 4143 ι..

145 4211 151 4222 “
267 4201 428 4286 ἐπειδὴ
393 4227 444 4266 ουν
471 4205 491 4288 ἡ
526 4228 555 4268 αι
583 4202 746 4288 tipho-proc
774 4203 793 4284 ἡ
822 4203 1041 4288 ἐκφωνοῦοατ
1025 4205 1058 4266 τὸ
1084 4197 1101 4265 ἶ
1123 4205 1173 4267 καὶ
1200 4205 1219 4287 ἡ
1244 4227 1272 4266 οι
1295 4203 1515 4289 δίφθογκος
1479 4227 1548 4268 ουτε
1569 4200 1630 4267 κατ’
1656 4126 1844 4282 ἐπικράτειοίν

266 4315 339 4378 εἰσιν
364 4313 433 4378 οὔτε
455 4314 532 4378 κατὰ
554 4316 670 4399 κρᾶσιν]
695 4311 763 4377 οὔτε
785 4313 862 4376 κατὰ
885 4314 1017 4383 διέξοδον
1026 4315 1075 4396 ³⁶).
1121 4312 1188 4394 Qui
1210 4321 1363 4398 superest
1379 4313 1541 4379 'liheodos
1563 4335 1594 4396 p.
1609 4311 1650 4374 35
1674 4309 1844 4392 catalogus

368 4631 401 4700 34)
419 4630 493 4684 velut
511 4630 650 4697 augmenti
669 4630 696 4682 vi
714 4623 731 4680 ἆ
749 4630 777 4681 in
795 4623 853 4699 {pc
872 4629 899 4682 in
917 4623 939 4680 ὦ
958 4631 1066 4696 transit,
1086 4646 1145 4682 enm
1164 4627 1283 4701 ὠφέλουν
1302 4629 1335 4680 ab
1350 4625 1459 4698 ὠφελέω
1473 4625 1611 4679 derivetur
1624 4643 1646 4675 ω
1664 4641 1719 4677 non
1731 4627 1843 4676 mutato.

266 4721 300 4787 ³⁵)
318 4718 391 4772 locos
410 4718 456 4784 qui
477 4717 529 4768 huc
552 4716 691 4784 pertinent
714 4720 856 4782 congestos
878 4716 957 4770 video
980 4733 1072 4768 omnes
1091 4733 1107 4767 a
1123 4716 1159 4770 K.
1178 4715 1209 4766 Ε.
1227 4715 1260 4766 A.
1279 4711 1404 4764 Schmidt
1425 4711 1442 4764 l.
1462 4727 1484 4763 c.
1502 4711 1543 4766 90.
1580 4711 1612 4776 ³⁶)
1631 4711 1727 4764 lacuna
1749 4713 1844 4764 exorta

266 4809 309 4866 est
326 4801 430 4856 librarii
448 4800 532 4854 oeulis
550 4817 566 4852 a
583 4800 673 4868 priore
690 4800 758 4851 κατὰ
774 4804 863 4868 κρᾶσιν
882 4801 916 4852 ad
934 4801 1071 4868 posterius
1089 4799 1156 4852 κατὰ
1173 4804 1261 4868 κρᾶσιν
1280 4797 1474 4848 aberrantibus.
