4240 5512
1030 339 1353 414 *33*

503 543 620 626 Neque
642 543 788 607 alienum
811 550 864 607 est
883 541 1013 619 videre,
1041 551 1245 626 quantopere
1271 542 1352 606 haec
1375 563 1505 625 quoque
1528 543 1569 609 de
1593 545 1846 630 interrogativis
1867 545 1981 629 dispu-

401 655 483 718 tatio
506 655 800 738 grammaticorum
823 652 952 716 animos
975 651 1172 717 adverterit:
1196 673 1295 734 quam
1317 659 1351 717 et
1366 652 1575 718 Theodosius
1597 654 1732 737 copiose
1753 663 1793 720 ut
1814 655 1900 720 solet
1922 677 1980 720 ex·

401 763 540 846 plicavit
562 770 597 828 et
618 763 812 846 Priscianus
835 763 872 826 in
893 762 1043 844 linguam
1065 762 1207 826 latinam
1228 762 1395 828 convertit
1417 769 1452 826 et
1475 763 1646 827 Maximus
1668 764 1883 846 Planudes²²)
1907 785 1982 830 oum

401 872 676 955 praecedentibus
699 873 863 956 capitibus
886 892 929 936 ex
950 871 1131 954 Apollonio
1155 873 1299 954 sumptis
1322 874 1487 937 conexuit.

401 983 638 1066 Περιεκτικόν
662 983 723 1046 ἐστι
745 984 780 1045 τό
803 983 833 1044 ἐν
858 989 912 1065 μιορ
933 985 1026 1066 φωνή
1055 985 1164 1066 δηλοῦν
1218 981 1318 1046 schol
1340 982 1441 1047 Dion.
1463 979 1537 1060 876,
1558 982 1614 1046 33:
1637 1032 1645 1048 .
1667 1031 1675 1047 .
1697 1029 1705 1048 .
1727 1033 1735 1049 .
1757 984 1791 1047 τό
1814 1007 1847 1046 τε
1868 1009 1981 1069 περιεκ-

399 1094 434 1155 τὸ
450 1093 590 1176 περιέχον
605 1094 656 1155 καὶ
678 1093 713 1154 τό
728 1093 952 1177 περιεχόμενον·
976 1091 1110 1177 διαφέρει
1133 1092 1165 1154 δὲ
1216 1092 1297 1155 τικδν
1319 1093 1370 1155 καλ
1392 1093 1426 1154 τὸ
1449 1093 1671 1178 περιληπτικόν.
1699 1095 1750 1157 καὶ
1773 1093 1852 1158 ἔστιν
1875 1096 1896 1176 ή
1920 1098 1980 1158 δια-

399 1205 452 1263 τοῦ
474 1205 684 1286 περιληπτικοῦ
707 1201 761 1264 ότι
783 1203 822 1265 τὸ
853 1205 913 1285 μὲν
942 1207 1045 1288 φωνῇ
1070 1201 1162 1284 μόνη
1217 1201 1298 1286 φορὰ
1326 1202 1415 1286 αῦτη,
1444 1201 1498 1264 ότι
1525 1203 1565 1264 τό
1596 1204 1657 1285 μὲν
1688 1204 1899 1287 [περιεκτικόν]
1928 1204 1981 1267 οὐκ

400 1311 497 1374 ἐστὶν
520 1313 748 1396 ἐμφαντικὸν
770 1314 945 1396 πλήθους·
973 1313 1007 1373 τὸ
1030 1313 1063 1375 δὲ
1083 1334 1163 1395 περι·
1217 1310 1292 1374 ἄλλο
1316 1314 1406 1394 δηλοῖ
1424 1311 1458 1372 τδ
1481 1313 1703 1398 περιλαμβάνω
1719 1315 1769 1377 καὶ
1785 1313 1859 1376 ἄλλο
1882 1314 1916 1375 τδ
1932 1337 1981 1376 πε·

401 1422 515 1484 εκτικδν
538 1421 613 1484 ἄλλο
637 1425 726 1507 δηλοῖ
744 1425 779 1485 τὸ
801 1423 939 1507 περιέχον
959 1423 1009 1484 καὶ
1032 1421 1106 1484 ἄλλο
1129 1422 1163 1483 τδ
1217 1421 1476 1506 ριλαμβανόμενον
1506 1422 1584 1484 ἀλλὰ
1616 1423 1717 1507 φωνὴ
1747 1422 1855 1506 μόνον
1883 1423 1979 1485 ἐστὶν

399 1531 624 1614 περιεχόμενον,
649 1535 691 1602 ὥς
713 1535 845 1618 δαφνών.
894 1531 987 1615 (epit.
1009 1531 1066 1595 fol.
1088 1532 1164 1614 95¹).
1216 1531 1421 1615 ἐμφαντικὴ
1453 1532 1634 1614 πλήθους,
1666 1532 1700 1594 τὸ
1734 1533 1766 1595 δὲ
1798 1533 1979 1616 περιεκτικόν

1217 1639 1292 1703 ἄλλο
1317 1641 1453 1724 σημαίνει
1474 1665 1502 1704 κ.
1525 1663 1551 1703 τ.
1574 1637 1601 1704 λ.

503 1751 613 1817 Locos
636 1753 825 1817 simillimos
846 1752 920 1816 ideo
943 1751 1092 1835 apposui,
1116 1770 1180 1832 quo
1202 1749 1333 1814 facilius
1353 1755 1543 1833 appareret,
1576 1749 1775 1815 vocabulum
1796 1751 1979 1834 περιεκτικόν

400 1859 487 1941 quod
510 1864 622 1926 neseio
638 1883 681 1926 an
702 1863 850 1946 imperiti
864 1862 993 1926 librarii
1009 1861 1107 1944 culpa
1127 1859 1302 1942 inepserit
1323 1859 1508 1924 eiciendum
1530 1860 1642 1942 potius
1665 1880 1738 1925 esse
1761 1881 1870 1942 quam,
1892 1859 1980 1942 quod

400 1965 604 2035 Steinthalio
626 1972 738 2037 visum
761 1979 821 2050 est,
843 1993 874 2056 p.
886 1971 950 2036 626
971 1979 1040 2035 not.
1067 1991 1143 2035 oum
1170 1970 1379 2054 περιληπτικόν
1406 1989 1488 2034 voce
1511 1969 1790 2034 commutandum.
1819 1970 1877 2036 sed
1898 1970 1980 2034 haec

398 2079 545 2145 levicula
567 2088 653 2145 sunt.

501 2189 710 2276 Πεποιημένου
734 2192 862 2274 species
889 2211 973 2273 quae
1001 2191 1152 2274 sequitur
1173 2189 1301 2270 aliquot
1327 2188 1491 2271 exemplis
1518 2195 1615 2252 aucta
1641 2195 1706 2254 est:
1735 2191 1856 2274 ῥοῖζος
1882 2190 1899 2252 ό
1925 2193 1978 2252 τοῦ
2004 2212 2014 2244 τ

403 2300 496 2382 πυρδς
524 2300 674 2364 ἀλλὰκαὶ
703 2301 719 2362 ὁ
748 2301 934 2384 συριγμός·
962 2300 1099 2386 ἄραβος
1127 2301 1143 2361 ό
1170 2303 1227 2361 τῶν
1252 2298 1404 2382 ἁρμάτων·
1429 2301 1560 2367 δοῦπος
1584 2299 1600 2360 ό
1623 2303 1676 2383 τῆς
1699 2298 1823 2368 ἀσπίδος
1843 2301 1894 2362 καὶ
1926 2305 1979 2362 τοῦ
2015 2383 2016 2386 γ

398 2408 548 2492 θώρακος·
571 2411 709 2495 κλαγγὴ
737 2412 757 2494 iq
784 2416 842 2475 τῶν
869 2411 1002 2495 γεράνων
1027 2411 1095 2496 βοή·
1128 2411 1326 2493 κάρκαιρος
1359 2406 1437 2492 ήχος
1468 2411 1568 2472 ποδῶν
1597 2412 1655 2471 τῶν
1678 2409 1845 2492 τρεχόντων
1869 2409 1978 2472 ίππων·

401 2516 542 2601 βόμμος
558 2519 602 2600 (l)
617 2521 667 2583 καὶ
682 2521 721 2582 τὰ
742 2526 874 2585 τοιαῦτα·
898 2522 997 2604 ὥσπερ
1014 2523 1064 2584 καὶ
1088 2519 1223 2602 μυγμοὶ
1256 2520 1287 2581 οἱ
1306 2518 1357 2580 διὰ
1379 2523 1437 2582 τῶν
1462 2519 1620 2602 μυκτήρων
1643 2517 1727 2602 ήχοι,
1751 2520 1873 2601 σιγμολ
1897 2521 1927 2581 οἱ
1948 2520 1978 2588 ἐξ

399 2625 492 2711 ἄκρας
523 2627 660 2714 ὑπεριρας
683 2631 829 2714 συριγμοί·
863 2633 906 2699 ὡς
926 2634 980 2694 τοῦ
1004 2633 1020 2701 ζ
1043 2630 1057 2699 Ε
1081 2636 1101 2714 ψ
1126 2649 1152 2692 ο.
1187 2647 1225 2693 ac
1252 2649 1419 2693 summum
1448 2627 1596 2692 studium
1622 2629 1658 2692 in
1681 2627 1845 2694 eiusmodi
1866 2627 1979 2694 verbis

399 2737 597 2821 colligendis
624 2740 858 2822 grammaticos
886 2739 1102 2804 collocavisse
1129 2738 1234 2804 variis
1260 2737 1383 2804 tabulis
1411 2737 1674 2813 demonstratur,
1701 2739 1738 2802 in
1764 2737 1885 2820 quibus
1907 2737 1978 2801 ani·

398 2849 562 2913 mentium
585 2871 685 2916 voees
707 2851 866 2916 collectae
888 2857 1014 2914 extant

499 2961 541 3026 In
574 2968 725 3026 extrema
756 2961 875 3044 capitis
908 2971 1004 3043 parte
1036 2959 1184 3041 itemque
1221 2957 1412 3040 insequenti
1443 2958 1551 3040 capite
1585 2965 1716 3040 septem
1749 2957 1976 3024 derivatorum

398 3072 527 3156 species
550 3091 588 3136 ac
609 3073 696 3135 τόποι
719 3091 802 3154 quos
824 3078 947 3136 vocant
969 3068 1237 3152 explicantur²³).
1271 3065 1329 3132 sed
1350 3067 1489 3149 longum
1511 3074 1564 3131 est
1586 3065 1736 3150 singulas
1758 3066 1978 3141 definitiones,

398 3203 482 3264 quae
503 3182 700 3264 plerumque
714 3181 874 3266 Dionysii
896 3179 1033 3245 scholiis
1056 3177 1246 3244 simillimae
1269 3187 1356 3253 sunt,
1379 3176 1537 3259 deinceps
1560 3176 1773 3259 perlustrare.
1796 3196 1834 3241 ac
1856 3175 1896 3240 de
1918 3197 1977 3260 pa-

396 3293 546 3378 ronymis
569 3292 637 3356 iam
660 3291 743 3356 satis
769 3291 896 3356 dictum
929 3299 992 3366 est,
1026 3287 1212 3355 verbalium
1246 3307 1327 3351 vero
1355 3285 1615 3369 explicationem
1641 3285 1875 3352 brevissimam
1902 3286 1976 3351 ideo

396 3403 547 3479 exhibeo,
571 3400 658 3485 quod
680 3381 801 3466 similis
824 3399 1027 3466 scholiorum
1048 3399 1142 3463 locus
1165 3395 1397 3479 percommode
1420 3395 1498 3460 inde
1521 3395 1671 3478 suppleri
1693 3402 1813 3478 potest

394 3514 451 3579 fol.
462 3515 525 3579 96'.
539 3511 720 3598 Ῥηματικδν
734 3511 812 3574 δὲτὸ
825 3512 884 3572 ἀπὸ
902 3511 1036 3595 ῥήματος
1046 3530 1159 3592 παρηγ-
2011 3543 2013 3592 γ

398 3626 485 3708 μένον
499 3623 790 3711 ἐνέργειανῆπάθος
812 3623 931 3704 δηλοῦν.
955 3623 1013 3682 πᾶν
1036 3617 1160 3702 δ’όνομα
1213 3614 1314 3679 schol.
1326 3613 1398 3691 858,
1410 3614 1465 3678 24:
1488 3618 1547 3701 πᾶν
1571 3615 1603 3677 δὲ
1619 3615 1782 3699 ῥηματικὸν
1807 3612 1904 3697 ὄνομα
1927 3616 1977 3679 διὰ

397 3735 559 3820 ῥηματικὸν
576 3738 615 3799 τὰ
630 3735 786 3799 retentoria
796 3736 850 3796 τοῦ
863 3732 996 3818 ῥήματος
1018 3730 1160 3814 φυλάττει
1212 3739 1265 3796 τοῦ
1289 3758 1310 3816 μ
1332 3733 1493 3818 λεγόμενον
1518 3733 1679 3796 οἰκειοῦται
1698 3735 1803 3818 πρώτη
1819 3737 1978 3821 παθητικῷ

398 3845 554 3930 σύμφωνα·
578 3847 620 3915 ὥς
642 3847 701 3910 ἀπὸ
721 3849 775 3909 τοῦ
789 3843 949 3928 πεποίηται
961 3840 1089 3923 ποιητὴς
1109 3839 1160 3901 καὶ
1213 3843 1243 3925 (l
1265 3844 1340 3908 fort.
1361 3843 1545 3928 παθητικοῦ)
1567 3842 1702 3905 κατὰτὸ
1726 3843 1896 3928 σύμφωνον,
1926 3846 1976 3908 διὰ

397 3958 450 4017 τοῦ
473 3955 674 4041 πεποιημένου
695 3956 824 4042 ποίημα.
1213 3963 1247 4025 δὲ
1268 3967 1321 4026 τοῦ
1347 3956 1435 4046 {equ
1456 3965 1510 4024 τοῦ
1532 3961 1631 4044 τρίτου
1645 3960 1701 4046 (l).
1725 3961 1789 4024 οἷον
1804 3962 1974 4048 πέπραγμαι

1212 4109 1255 4122 -
1276 4077 1399 4157 πρᾶγμα
1420 4109 1462 4120 --
1484 4072 1723 4155 πολυπράγμων,
1749 4073 1974 4157 πεποίημαι-
2011 4053 2012 4058 ¹

1213 4185 1405 4268 [ποίημα],
1427 4183 1587 4266 πεποίηται
1605 4181 1781 4264 (πεποίησαι
1793 4182 1916 4264 Bekis)
1933 4222 1974 4232 —

1211 4296 1399 4380 ποιητής...
1604 4290 1606 4294 ’

500 4686 530 4750 ”)
548 4685 754 4753 praetermissus
772 4683 818 4736 ille
836 4699 852 4735 a
869 4681 1033 4736 Steinthalio
1051 4697 1077 4750 p.
1088 4679 1140 4734 599
1157 4682 1214 4732 not
1232 4678 1278 4747 qui
1295 4677 1443 4745 legentium
1462 4674 1604 4729 commodo
1620 4675 1770 4728 inserviens
1787 4679 1874 4729 totum
1886 4676 1971 4744 Apol·

396 4769 463 4823 lonii
479 4769 567 4824 locum
585 4771 657 4837 typis
674 4769 822 4822 mandavit.
841 4767 875 4821 el.
885 4767 921 4820 ib.
934 4783 960 4836 p.
970 4767 1028 4820 615.
1052 4765 1084 4832 ²³)
1102 4769 1166 4817 sunt
1183 4768 1285 4817 autem:
1304 4761 1489 4832 patronymica
1506 4759 1660 4830 possessiva
1678 4760 1861 4828 comparativa
1879 4777 1972 4830 super·
2008 4799 2009 4802 ¹

396 4854 480 4908 latire
497 4854 664 4907 deminutiva
679 4855 825 4907 nominalis
842 4853 972 4908 verbalia.
