4240 5512
117 659 157 710 ῦρ.
171 660 190 698 6.

90 709 119 750 dc
128 719 192 761 prono

194 708 243 748 diis.

880 232 1234 308 ...ηρ-.-

266 438 421 502 recurrit:
449 439 538 503 inter
560 437 706 519 reliquas
729 436 806 500 κατὰ
828 437 913 500 ποιὸν
937 437 1129 502 affectiones
1157 435 1364 500 desideratur
1386 437 1518 514 tmesis,
1546 436 1667 506 additis
1695 439 1853 524 enallage,

266 548 593 613 metaschematismo
621 546 789 611 antithesi.
1256 525 1261 532 ⁸

372 659 569 724 Doctrinam
591 657 632 722 de
653 655 817 740 prosodiis
840 656 1044 739 permultum
1068 655 1260 721 Herodiano
1283 655 1403 720 debere
1427 675 1501 720 cum
1523 677 1624 740 supra
1645 658 1712 723 iam
1736 659 1848 726 obser·

267 769 422 834 ravimus
445 775 517 833 tum
545 767 622 833 inde
651 773 800 854 apparet,
828 766 915 848 quod
949 766 989 830 ab
1012 765 1220 842 definitione,
1254 787 1353 848 quam
1381 785 1458 830 eum
1486 773 1595 850 operis
1623 767 1724 832 fronti
1751 791 1847 851 prae-

263 879 380 946 fixisse
404 879 539 954 scimus,
569 880 767 960 quicumque
789 883 906 960 postea
928 876 968 941 de
990 898 1028 940 eo
1056 885 1253 960 argumento
1277 884 1429 960 egerunt,
1458 879 1599 960 proiecti
1622 887 1701 944 sunt
1723 901 1847 946 omnes.

265 990 442 1075 Προσῳδία,
470 991 589 1072 inquit,
613 989 734 1070 (Lenta
757 989 777 1052 l.
802 1009 827 1053 o.
849 1010 880 1071 p.
896 990 928 1064 5,
952 988 984 1069 l)
1008 989 1067 1051 ἐστὶ
1089 987 1162 1052 ποιὰ
1181 989 1267 1079 Ιτοίσις
1290 988 1499 1086 ἐγγραμμιιίτου
1524 995 1627 1075 φωνῆς
1650 991 1748 1074 ὑγιοῦς
1770 992 1848 1055 κατὰ

265 1103 298 1164 rb
324 1103 534 1183 ἀπαγγελτικδν
557 1105 610 1182 τῆς
632 1100 741 1170 λέξεως
763 1099 946 1184 ἐκφερομένη
972 1101 1046 1181 μετά
1067 1123 1144 1168 τινος
1163 1103 1221 1163 τῶν
1242 1100 1479 1182 συνεζευγμένων
1499 1102 1565 1184 περὶ
1589 1101 1657 1182 μίαν
1682 1103 1844 1188 συλλαβήν,

265 1215 332 1298 ἤτοι
355 1213 430 1276 κατὰ
453 1212 611 1294 συνήθειαν
635 1211 790 1274 διαλέκτου
815 1209 1066 1294 δμολογουμένης,
1095 1209 1161 1292 ἤτοι
1189 1209 1265 1274 κατὰ
1287 1211 1337 1274 τδν
1362 1209 1535 1292 ἀναλογικδν
1564 1209 1631 1295 ὅρον
1661 1213 1711 1275 καὶ
1739 1213 1844 1295 λόγονε

266 1322 470 1404 eandemque
504 1320 731 1386 definitionem
765 1321 930 1403 epitomae
964 1325 1077 1384 auctor
1109 1321 1145 1383 in
1179 1321 1297 1402 capitis
1331 1321 1419 1384 sexti
1446 1319 1581 1384 exordio
1604 1323 1722 1404 posuit.
1769 1321 1844 1404 Qua

265 1434 451 1517 praemissa
478 1452 562 1514 quae
584 1437 691 1496 restat
712 1431 890 1514 explicatio
913 1437 986 1495 tota-
1008 1451 1049 1494 ex
1072 1431 1352 1495 commentatione
1374 1429 1414 1495 de
1437 1430 1602 1514 prosodiis
1621 1429 1753 1514 pendet,
1781 1454 1846 1514 qua

267 1544 423 1628 Dionysii
446 1543 699 1626 grammaticam
729 1543 919 1625 suppletam
947 1561 1020 1605 esse
1048 1540 1269 1606 ostendimus:
1308 1563 1391 1624 quae
1414 1540 1646 1606 Herodianeae
1675 1541 1845 1607 doctrinae

176 1657 182 1670 ’
267 1654 437 1719 simillima
464 1653 501 1717 in
528 1653 591 1718 hoo
613 1673 680 1718 uno
703 1653 744 1717 ab
768 1652 839 1716 eius
866 1652 1054 1736 praeceptis
1077 1651 1211 1728 recedit,
1240 1651 1327 1734 quod
1354 1651 1462 1716 tribus
1485 1651 1728 1717 affectionibus:
1766 1675 1845 1736 apo-

268 1763 403 1848 stro'pho
430 1764 567 1848 hyphen
595 1763 838 1847 hypodiastole,
866 1763 986 1845 quibus
1014 1763 1288 1846 coniungendane
1317 1763 1385 1827 sint
1411 1763 1500 1827 inter
1529 1785 1565 1828 se
1593 1763 1657 1828 duo
1685 1765 1847 1830 vocabula

268 1898 311 1939 an
334 1874 518 1957 separanda
537 1874 753 1956 significatur,
777 1875 866 1938 inter
888 1873 1061 1956 prosodias
1083 1876 1227 1958 receptis
1251 1875 1423 1938 denarium
1450 1895 1627 1938 numerum
1650 1875 1773 1940 effecit:
1797 1877 1845 1941 eis

268 1987 357 2050 enim
380 1985 526 2050 exclusis
556 1992 684 2067 septem
712 1989 844 2048 tantum
872 1984 912 2049 ab
935 1984 1127 2049 Herodiano
1151 1985 1326 2050 distinctas
1349 1985 1453 2049 fuisse
1478 1987 1560 2064 (tres
1584 1992 1749 2063 accentus,
1778 1987 1845 2071 syl-

266 2096 417 2160 labarum
451 2095 671 2178 quantitatem
699 2093 879 2177 duplicem,
915 2095 1052 2178 spiritus
1087 2095 1183 2178 duos)
1217 2095 1351 2160 disertis
1385 2095 1565 2178 Porphyrii
1600 2095 1677 2172 (ΒΑ
1699 2096 1771 2174 683,
1805 2095 1846 2160 22

268 2208 341 2273 coll.
363 2207 439 2284 680,
467 2205 592 2288 21-24)
616 2213 649 2270 et
673 2205 897 2270 Ohoercbosei
920 2201 1005 2288 (703,
1034 2206 1074 2270 31
1099 2205 1171 2270 coll.
1194 2205 1266 2285 705,
1294 2197 1328 2288 5')
1351 2205 1552 2270 testimoniis
1575 2203 1782 2288 docemurfl).
1805 2245 1845 2254 -—

267 2319 309 2383 In
332 2319 477 2402 epitoma
498 2318 601 2400 igitur
627 2324 804 2400 postquam
827 2323 983 2398 quattuor
1009 2316 1240 2399 prosodiarum
1263 2337 1385 2400 genera
1407 2323 1600 2381 enumerata
1623 2325 1701 2380 sunt
1725 2316 1770 2400 (p.
1790 2317 1845 2380 31:

209 2475 228 2510 .‘
270 2427 425 2513 διῄρηνται
458 2427 514 2512 γὰρ
537 2429 578 2498 εἰς
610 2427 737 2512 χρόνους
765 2427 806 2495 εἰς
828 2425 933 2495 τόνους
960 2428 1002 2495 είς
1024 2427 1179 2509 πνεύματα
1200 2429 1249 2490 καὶ
1272 2428 1314 2496 είς
1336 2427 1434 2510 πάθη)
1462 2433 1496 2490 et
1517 2427 1625 2510 primo
1647 2427 1720 2492 loeo
1743 2447 1846 2509 quan-

268 2541 406 2604 titatum
428 2537 576 2602 definitio
599 2539 709 2621 posita
732 2547 796 2614 est,
825 2536 928 2602 verba
950 2557 1033 2620 quae
1060 2537 1096 2602 in
1119 2537 1342 2620 explicatione
1369 2539 1472 2602 trium
1495 2559 1577 2621 quas
1600 2536 1745 2603 diximus
1768 2539 1847 2602 affe·

269 2651 416 2716 otionum
439 2654 629 2714 occurrunt:
666 2649 732 2732 τρία
760 2649 792 2712 δὲ
819 2649 856 2712 τὰ
883 2647 964 2733 πάδη
994 2650 1013 2732 ἡ
1037 2648 1268 2735 ἀπόστροφυςὴ
1297 2651 1368 2736 ὑφὲν
1396 2651 1445 2712 καὶ
1472 2650 1492 2731 ἡ
1517 2651 1726 2732 ὑποδιαστολή,
1757 2649 1846 2712 daal

270 2765 512 2847 καταχρηστικῶς
533 2761 698 2845 προσῳδίαι
720 2761 870 2842 λέγονταιε
909 2759 1091 2844 Porphyrii
1117 2760 1361 2826 observationis
1390 2760 1430 2824 de
1458 2781 1523 2842 qua
1549 2759 1694 2825 diximus
1722 2780 1846 2824 memo-

269 2875 353 2938 riam
368 2879 540 2950 revocarem
564 2870 636 2947 683,
660 2869 714 2934 22:
737 2872 796 2956 χρὴ
822 2871 853 2934 δὲ
875 2873 1043 2952 γιγνώσκειν
1067 2869 1111 2932 ὅτι
1133 2873 1169 2935 τὰ
1191 2872 1274 2955 πάδη
1299 2870 1353 2933 οὔκ
1375 2871 1432 2934 εἰσι
1454 2873 1560 2955 κυρίως
1582 2872 1745 2955 προσῳδίαι
1769 2869 1847 2934 ἀλλὰ

270 2987 523 3068 καταχρηστικῶς.

371 3094 444 3158 Iam
466 3093 622 3156 καδολικοὶ
644 3091 766 3160 κανόνες
789 3089 828 3154 de
852 3091 1016 3156 vocalium
1041 3098 1075 3155 et
1097 3091 1379 3176 diphthongorum
1400 3093 1573 3176 spiritibus
1597 3113 1639 3157 ex
1660 3093 1848 3157 litterarum

271 3205 385 3271 ordine
408 3203 529 3286 digesti
552 3201 608 3284 qui
632 3211 802 3280 secuntur,
837 3223 912 3266 cum
940 3207 983 3285 (p.
1004 3202 1127 3284 32-40)
1156 3203 1327 3268 dimidiam
1359 3205 1428 3268 fere
1457 3205 1535 3268 libri
1562 3212 1691 3287 partem
1722 3203 1846 3285 ample-

271 3321 413 3391 ctantur,
437 3335 456 3378 a
476 3313 748 3397 praecedentium
772 3313 918 3396 capitum
940 3313 1104 3377 tenuitate
1128 3293 1304 3378 admodum
1328 3314 1464 3406 distant.
1503 3314 1633 3395 Quibus
1656 3312 1779 3378 tabulis
1804 3313 1847 3378 si-

270 3426 449 3492 millimum
472 3445 545 3489 esse
567 3424 697 3488 lexicon
720 3423 760 3487 de
777 3422 949 3506 spiritibus
973 3423 1059 3506 quod
1081 3424 1432 3498 ἱιιυυιίδὶίυυι-Λείικδν
1455 3427 1522 3509 περὶ
1538 3425 1712 3506 πνευμάτων
1730 3424 1848 3507 ἐκλεγὲν

272 3537 305 3600 ἐκ
331 3540 389 3598 τῶν
418 3535 484 3618 περὶ
512 3534 688 3616 πνευμάτων
715 3529 876 3619 Τρύφωνος
903 3531 1112 3618 Χοιροβόσκου
1141 3533 1327 3618 Θευδωρίτου
1361 3537 1410 3598 καί
1439 3535 1546 3620 ἑτέρων
1580 3535 1628 3596 καί
1657 3533 1848 3618 ἀντιγράφοις

273 3646 428 3732 διαφόροις
444 3644 619 3730 ἀντιβληδὲν
642 3644 691 3707 καὶ
705 3644 839 3728 ὀρδωδέν
859 3643 960 3726 (apud
973 3643 1192 3708 Valckenaer.
1206 3645 1361 3710 Ammon.
1374 3666 1403 3728 p.
1415 3643 1571 3724 207-242)
1584 3663 1660 3707 eum
1676 3643 1744 3707 iam
1757 3645 1848 3708 Titne

271 3763 363 3821 recte
386 3755 626 3832 observaverit,
648 3761 755 3818 restat
776 3761 815 3818 ut
830 3754 968 3818 alterius
984 3754 1103 3836 capitis
1126 3754 1212 3836 quod
1228 3757 1293 3840 περὶ
1308 3756 1485 3838 πνευμάτων
1501 3753 1696 3818 inscribitur
1713 3761 1746 3818 et
1763 3752 1847 3818 (lon-

273 3864 581 3932 stantiniLasearis
600 3865 765 3947 epitomae
775 3863 810 3927 ΙΙ
821 3887 851 3947 p.
863 3865 904 3928 85
928 3887 970 3930 ss.
988 3865 1036 3929 ed.
1048 3866 1143 3929 Rom.
1167 3866 1332 3932 adiectum
1345 3877 1403 3942 est,
1422 3865 1547 3928 mentio
1564 3866 1637 3929 fiat:
1660 3886 1722 3930 nec
1739 3870 1849 3946 potest

274 3976 418 4041 dubitari
441 3975 521 4058 quin
543 3974 610 4038 tria
630 3974 689 4038 illa
711 3975 973 4058 Byzantinorum
997 3976 1124 4058 scripta
1146 3976 1330 4042 Herodisni
1355 3975 1546 4060 Tryphonis
1570 3975 1710 4040 aliorum
1732 3976 1767 4038 in
1788 3973 1850 4038 hac

273 4085 424 4152 doctrina
446 4085 635 4180 principum
658 4084 875 4150 fundamento
898 4085 1061 4166 nitentum
1086 4109 1163 4151 nam
1180 4088 1371 4174 Tryphonis
1394 4107 1517 4151 nemen
1533 4092 1567 4150 et
1580 4087 1616 4150 in
1632 4085 1728 4150 titulo
1752 4105 1851 4166 quem

262 4198 513 4281 ,exscripsimus
536 4206 569 4262 et
592 4217 659 4260 una
682 4216 756 4261 cum
780 4195 972 4261 Herodiano
995 4197 1030 4260 in
1054 4198 1199 4281 epitoma
1231 4221 1261 4281 p.
1288 4197 1330 4262 32
1359 4205 1442 4262 extr.
1475 4197 1612 4282 legitur:
1655 4195 1714 4260 sed
1740 4195 1851 4278 priore

272 4309 356 4384 loco,
378 4308 436 4374 ubi
458 4307 545 4392 apud
569 4307 714 4396 Titzium
737 4309 764 4370 εἰ
787 4310 836 4370 καὶ
859 4306 1043 4393 Ἡρωδιανὸς
1066 4309 1100 4372 ἐν
1123 4315 1166 4390 τη·
1184 4307 1363 4394 Ὁμηρικῇ
1386 4310 1575 4394 προσῳδίᾳ
1597 4307 1759 4394 ψιλοδσδαί
1779 4325 1852 4392 φησι

274 4420 399 4486 editum
422 4427 487 4500 est,
515 4441 584 4486 non
606 4426 696 4484 recte
720 4441 756 4484 se
778 4418 900 4484 habere
924 4418 1027 4484 verba
1054 4421 1083 4482 ἐν
1105 4425 1145 4502 τῇ
1166 4417 1317 4504 Ὁμηρικῇ
1340 4419 1493 4506 προσῳδίᾳ
1520 4426 1553 4484 ot
1582 4417 1686 4484 codex
1701 4417 1853 4482 Venetus

274 4532 488 4609 demonstrat,
512 4531 568 4596 ubi
591 4531 621 4596 ἐν
643 4537 678 4616 τῆ
704 4532 788 4616 δρικῆ
804 4531 958 4616 προσωδία
981 4537 1155 4596 exaratum
1178 4535 1237 4606 est,
1262 4537 1296 4595 et
1317 4529 1478 4595 Lentnius
1501 4527 1851 4612 passinianense

375 4774 410 4844 ⁴⁴)
430 4772 461 4825 cf.
480 4771 566 4824 Lenta
585 4769 669 4840 praef.
687 4769 847 4825 XXXXIV.
