4240 5512
1003 330 1327 404 *13*

371 545 465 610 illam
481 540 639 624 Dionysii
662 538 913 622 grammaticam
936 537 1142 601 intellectam
1165 555 1239 600 esse
1263 535 1303 600 ab
1326 557 1365 599 eo
1381 535 1437 616 qui
1453 534 1633 617 epitomum
1655 533 1798 599 confecit
1820 530 1953 596 indues

373 657 476 721 libros
500 653 652 729 divisam,
674 673 743 715 non
766 651 838 714 sine
861 649 973 732 aliqua
994 648 1148 714 veritatis
1171 647 1280 729 specie
1302 647 1370 710 iam
1391 664 1482 708 nuno
1504 644 1655 709 conicere
1676 645 1785 710 liceat.

478 765 640 828 Nostrum
667 761 770 843 igitur
798 760 862 824 erit
890 759 1039 843 singulas
1067 765 1101 823 et
1127 757 1249 841 prioris
1272 763 1306 820 et
1332 754 1529 838 posterioris
1556 753 1633 818 libri
1660 763 1773 838 partes
1801 762 1954 819 accurate

372 898 447 942 cum
475 874 633 958 Dionysii
661 871 879 955 grammatica
913 871 1050 953 eiusque
1085 868 1219 933 scholiis
1253 868 1403 931 conferre
1437 873 1471 930 et
1498 864 1577 946 quid
1604 863 1682 929 inde
1709 865 1746 928 in
1773 864 1953 948 epitomem

372 992 545 1068 receptum
568 984 612 1048 sit
634 983 871 1048 demonstrare.
895 980 935 1044 de
959 981 1007 1045 eis
1029 1001 1109 1045 vero
1132 979 1292 1063 partibus,
1317 997 1400 1059 quae
1423 996 1498 1040 oum
1519 975 1711 1059 aDionysii
1734 975 1953 1040 similitudine

374 1097 540 1171 recedant,
558 1095 657 1159 aliam
673 1093 819 1177 produnt
836 1092 1008 1175 originem,
1024 1092 1072 1154 ita
1087 1111 1233 1173 agemus,
1253 1095 1291 1154 ut
1306 1088 1389 1171 ipsis
1405 1087 1699 1170 grammaticorum
1714 1085 1797 1152 locis
1813 1107 1953 1169 quorum

374 1209 483 1273 simile
504 1213 555 1271 est
570 1211 813 1289 argumentum,
838 1210 1000 1286 quantum
1021 1203 1095 1266 fieri
1110 1207 1222 1284 potest
1238 1200 1439 1283 comparatis
1456 1197 1618 1274 omnibus,
1643 1197 1805 1280 quomodo
1822 1197 1955 1280 singula

374 1318 610 1403 grammaticae
637 1311 816 1399 praecepta
842 1335 903 1397 per
926 1313 1058 1378 saecula
1079 1312 1203 1376 tradita
1229 1312 1265 1375 in
1288 1312 1434 1394 epitoma
1456 1318 1572 1375 nostra
1599 1315 1742 1373 tractata
1764 1309 1833 1373 sint
1854 1329 1953 1392 quam

374 1429 558 1495 clarissime
582 1434 753 1511 appareat:
777 1446 856 1490 nam
879 1425 946 1490 nisi
962 1430 1116 1489 accurata
1138 1423 1280 1488 fontium
1297 1422 1529 1505 disquisitione
1544 1421 1617 1485 nixi
1631 1421 1765 1496 erimus,
1789 1420 1829 1485 de
1845 1427 1954 1485 aetate

372 1561 437 1625 qua
459 1541 605 1622 epitoma
620 1538 804 1620 composita
827 1537 880 1613 sit,
905 1537 1053 1602 externis
1076 1535 1230 1600 omnibus
1247 1532 1398 1598 destituti
1421 1533 1624 1598 testimoniis
1640 1537 1768 1596 certum
1790 1531 1950 1595 iudicium

372 1653 459 1716 forre
486 1673 554 1714 non
583 1648 784 1732 poterimus:
819 1647 984 1730 simulque
1011 1647 1161 1711 futurum
1190 1644 1350 1710 editorem
1379 1643 1420 1708 ad
1447 1643 1626 1709 editionem
1654 1643 1770 1708 multis
1803 1641 1954 1725 partibus

373 1761 617 1828 emendandam
640 1759 789 1825 subsidia
811 1760 925 1824 critica
946 1757 1024 1824 inde
1047 1758 1231 1841 petiturum
1254 1777 1328 1821 esse
1351 1753 1556 1820 confidimus.

884 2149 944 2223 De
971 2147 1153 2248 epitomae
1179 2157 1285 2247 parte
1312 2147 1444 2246 priore.

475 2318 635 2403 Dionysii
656 2319 875 2403 grammatica
897 2340 973 2383 omn
988 2317 1028 2382 ab
1045 2318 1126 2381 artis
1142 2317 1335 2382 definitione
1358 2323 1392 2382 et
1414 2317 1622 2401 singularum
1639 2337 1721 2399 quas
1743 2315 1957 2400 amplectitur

374 2431 521 2514 partium
544 2432 795 2496 enumeratione
817 2430 955 2512 incipiat
978 2429 1165 2512 (51),m0x
1186 2430 1226 2494 de
1248 2429 1391 2494 lectione
1415 2433 1445 2510 (ᾖ
1460 2428 1494 2509 2)
1517 2427 1689 2511 praecipit,
1712 2437 1750 2492 ut
1769 2435 1859 2492 recto
1885 2448 1957 2492 cor-

374 2541 468 2626 poris
491 2549 568 2604 actu
591 2541 673 2622 (καθ’
698 2541 873 2626 ὑπόκρισιν),
896 2549 934 2604 ut
949 2539 990 2603 ad
1013 2547 1184 2604 accentum
1209 2541 1299 2624 (κατὰ
1319 2542 1504 2626 προσῳδίαν)
1528 2539 1773 2622 pronuntietur,
1796 2545 1834 2602 ut
1855 2538 1959 2602 verba

376 2661 410 2716 ot
433 2651 622 2716 sententiae
645 2657 735 2716 recte
759 2651 1010 2733 distinguantur
1034 2651 1123 2732 (κατὰ
1147 2652 1330 2733 διαστολὴν),
1353 2658 1391 2714 ut
1412 2650 1537 2714 lentius
1558 2657 1616 2714 aut
1637 2649 1788 2725 celerius,
1812 2649 1957 2713 concita-

377 2763 447 2826 tius
475 2769 533 2825 aut
565 2761 689 2838 lenius,
718 2769 820 2844 prout
847 2771 1082 2844 argumentum
1109 2767 1238 2844 poscat,
1273 2761 1485 2825 declamatur.
1531 2761 1617 2824 Tum
1639 2758 1777 2825 adiectis
1800 2758 1958 2825 observa-

375 2871 522 2938 tionibus
550 2872 590 2936 de
618 2873 810 2938 accentibus
834 2876 865 2953 (ἕ
887 2873 922 2954 3)
946 2872 986 2936 de
1013 2871 1295 2954 interpunctionis
1318 2870 1496 2954 generibus
1519 2869 1628 2935 tribus
1652 2873 1702 2952 (ἐξ
1725 2872 1754 2936 4.
1778 2872 1822 2953 5),
1845 2871 1957 2936 nescio

377 3004 443 3066 qua
465 2983 506 3047 de
529 3003 630 3048 causa
652 3002 691 3047 eo
714 2983 786 3047 loco
811 2987 842 3063 (ᾗ
864 2983 899 3063 6)
922 2981 1136 3065 rhapsodiam
1158 3003 1178 3046 a
1199 2982 1317 3048 baculo
1344 2983 1459 3047 laureo
1482 3003 1547 3064 quo
1569 2981 1710 3046 Homeri
1733 2982 1881 3046 carmina
1902 2981 1958 3045 de-

377 3094 561 3160 clamantes
585 3091 636 3157 uti
659 3092 822 3168 solebant,
846 3092 969 3158 dictam
992 3113 1066 3158 esse
1090 3091 1256 3168 doceatur,
1279 3094 1346 3159 nisi
1368 3091 1468 3176 quod,
1492 3099 1531 3157 ut
1553 3099 1605 3157 est
1627 3091 1714 3175 apud
1737 3091 1960 3168 scholiastam,

377 3204 472 3288 pueri
493 3203 640 3287 primum
663 3203 807 3268 Homeri
829 3203 973 3267 lectione
996 3203 1315 3283 instituebantur²³).

480 3313 632 3394 Quarum
648 3313 920 3378 observationum
935 3313 970 3376 in
988 3314 1133 3397 epitoma
1149 3321 1242 3378 extat
1264 3313 1370 3378 nulla:
1394 3313 1527 3378 omissis
1550 3313 1640 3378 enim
1662 3313 1724 3389 his,
1749 3333 1832 3397 quae
1846 3313 1958 3378 minus
1996 3388 2008 3429 d

378 3425 418 3489 ad
441 3424 678 3507 grammaticae
702 3423 868 3488 elementa
888 3423 1045 3490 discenda
1060 3445 1160 3506 quam
1180 3423 1221 3488 ad
1237 3432 1403 3489 oratorem
1417 3423 1666 3488 informandum
1681 3425 1850 3506 pertinere
1865 3423 1957 3490 vide-
2010 3403 2016 3429 ⁴

380 3543 512 3612 rentur,
541 3534 653 3617 qualia
681 3543 760 3598 sunt
787 3532 875 3616 apud
902 3533 1054 3599 rhetores
1083 3538 1124 3615 (e.
1153 3556 1178 3600 o.
1202 3534 1300 3598 Wala
1327 3532 1480 3616 111562)
1509 3535 1630 3617 capita:
1664 3536 1728 3619 περὶ
1755 3540 1807 3599 τοῦ
1830 3540 1893 3603 πῶς
1916 3538 1963 3598 δεῖ

379 3645 620 3727 demandarem
643 3645 837 3728 —primus
864 3645 900 3707 in
924 3665 963 3709 ca
989 3644 1083 3709 locus
1106 3643 1203 3710 datus
1226 3654 1278 3710 est
1304 3646 1493 3710 litterarum
1516 3645 1651 3728 origini:
1678 3646 1726 3710 ita
1749 3645 1838 3710 enim
1861 3653 1961 3728 caput

379 3756 527 3840 primum
549 3757 749 3840 inscriptum
772 3763 836 3820 est:
858 3757 924 3841 περὶ
947 3755 1091 3840 εὑρέσεως
1113 3761 1171 3819 τῶν
1194 3761 1245 3820 τοῦ
1268 3756 1360 3839 λόγου
1384 3760 1550 3840 στοιχείων.
1595 3758 1706 3840 Atque
1735 3756 1775 3821 ab
1799 3756 1961 3822 eiusmodi

381 3865 614 3931 observatione
637 3867 785 3950 incipere
808 3866 925 3932 solitos
942 3887 1015 3932 esse
1037 3867 1241 3932 recentiores
1261 3867 1472 3951 interpretes,
1492 3867 1667 3944 simillimo
1684 3867 1862 3933 Theodosii
1877 3889 1960 3950 quae

380 3985 519 4044 vocatur
544 3980 780 4060 grammaticae
803 3978 939 4043 exordio
961 3979 1208 4064 illustratur24).
1254 3979 1407 4059 Quorum
1434 3985 1575 4060 uterque
1602 3999 1677 4042 cum
1706 3999 1765 4042 suo
1787 3979 1860 4043 iure
1883 4000 1960 4043 oon-

381 4086 497 4152 tendat
519 4087 728 4152 Phoenicum
749 4089 873 4154 litteris
897 4090 1045 4155 Graecos
1068 4089 1252 4172 antiquitus
1275 4110 1354 4154 usos
1377 4109 1464 4153 esse:
1502 4107 1585 4170 quae
1608 4095 1781 4171 praeterea
1803 4088 1843 4168 de
1866 4110 1960 4172 grae-

380 4219 494 4262 carum
516 4198 705 4263 htterarum
727 4200 923 4266 inventione
946 4199 1164 4276 tradiderunt,
1191 4221 1230 4265 ea
1251 4207 1290 4264 ut
1310 4202 1390 4265 ficta
1411 4199 1458 4264 ita
1473 4199 1561 4282 apud
1576 4198 1784 4283 Byzantinos
1806 4199 1961 4266 homines

381 4307 554 4392 divulgata
580 4309 686 4374 fuisse
715 4313 903 4391 constat25).
947 4310 1162 4376 Palamedem
1188 4311 1292 4394 igitur
1318 4311 1441 4384 litteris
1469 4311 1678 4374 extrinsecus
1706 4308 1842 4374 adscitis
1870 4318 1904 4375 et
1925 4312 1961 4375 in

382 4439 519 4499 graecas
541 4420 712 4485 conversis
736 4421 902 4502 simulque
923 4430 1079 4504 quattuor
1101 4422 1250 4488 inventis
1266 4419 1410 4486 sedecim
1425 4441 1602 4485 numerum
1618 4420 1817 4503 explevisse,
1842 4421 1961 4487 deinde

382 4549 402 4592 a
431 4527 554 4594 Oadmo
582 4529 716 4596 Milesio
748 4531 926 4616 adspiratis
955 4533 1042 4618 φχθ
1069 4531 1207 4598 adiectis
1235 4554 1254 4596 a
1281 4531 1455 4597 Simonide
1483 4552 1648 4596 summam
1675 4532 1859 4597 confectam
1887 4553 1960 4597 esse

485 4743 517 4807 ²³)
545 4743 680 4798 Steinthal
707 4745 863 4813 geschichte
892 4745 940 4800 der
970 4745 1255 4816 sprachwissenschsft
1281 4763 1307 4815 p.
1330 4745 1388 4802 563.
1442 4743 1474 4812 ²⁴)
1501 4745 1537 4798 id.
1565 4763 1591 4814 p.
1609 4745 1668 4799 532.
1712 4743 1801 4812 1“)“Δ.
1819 4745 1966 4800 Kirchhoff

383 4826 500 4882 Studien
517 4845 564 4882 aur
582 4831 738 4898 geschichte
756 4831 804 4885 des
822 4831 1009 4900 griechischen
1028 4834 1172 4903 alphabets
1190 4848 1215 4901 p.
1234 4832 1258 4885 1.
