4240 5512
31 515 224 570 epitomccfolaav

863 309 1186 384 „30”

226 517 317 603 ’Πρός
339 541 365 581 τι
388 517 459 604 ἔχον
483 518 558 580 ἐστὶν
588 517 699 599 δπρδς
722 516 822 600 ἕτερον
845 515 909 598 ἔχει
933 514 999 598 σχέ-
1053 514 1153 578 schol.
1176 515 1253 590 866,
1287 513 1341 578 26:
1379 515 1520 601 Διαφέρει
1548 518 1580 580 τὸ
1608 517 1681 600 πρός
1708 539 1734 579 τι
1762 523 1814 580 τοῦ

236 649 289 692 σιν·
313 629 363 690 καὶ
386 627 459 691 αὐτὸ
489 626 559 712 όπερ
588 627 665 689 ἐστὶν
693 628 795 710 ἑτέρου
822 627 895 690 εἶναι
923 628 1000 710 λέγε-
1054 627 1094 694 ῶς
1116 626 1188 710 πρός
1210 649 1237 690 τι
1259 625 1383 709 ἔχοντος
1407 625 1450 688 ότι
1473 629 1507 690 τὸ
1532 629 1583 710 μὲν
1606 628 1678 712 πρός
1693 651 1719 690 τι
1741 627 1814 714 έχον

236 761 293 800 ται·
316 740 428 823 πατρὸς
449 738 505 822 γάρ
529 737 548 819 ἢ
572 739 621 799 καί
645 739 709 800 υἱοῦ
732 740 895 822 λεγομένου
924 759 1000 800 συν-
1054 738 1264 819 συνιστάμενον
1280 738 1427 820 συνίστησι
1451 739 1522 817 [καὶ
1546 739 1814 822 ἀναιρούμενον

238 853 399 933 αιρεῖται
437 849 590 932 θάτερον
634 849 695 910 καὶ
733 849 998 933 ἀναιρουμένου
1053 848 1256 932 ἀναιρεῒτὸ
1287 849 1422 932 ἕτερον.
1455 851 1716 932 συνιστάμενος
1748 850 1814 933 γὰρ

204 963 525 1044 5συναναιρεῖται.
551 958 677 1042 ἀνόητον
702 960 733 1022 δὲ
748 961 798 1022 καὶ
815 958 907 1045 άμφω
930 961 999 1024 ἐπά·
1054 959 1069 1019 ό
1097 960 1228 1044 πατὴρ]
1256 961 1307 1022 καὶ
1329 960 1502 1043 παρεισάγει
1529 961 1579 1021 τόν
1604 961 1665 1022 υίδν
1688 961 1738 1023 καὶ
1760 962 1814 1022 πά-

237 1095 307 1154 γειν,
332 1071 406 1135 ὅπου
419 1093 452 1152 γε
466 1071 593 1155 μηδενὸς
608 1069 998 1154 ἐπαγομένουῆτοδυὶὐςῆ
1052 1073 1096 1132 λιν
1122 1070 1334 1156 ἀναιρούμενος
1362 1072 1378 1132 ό
1406 1072 1503 1155 πατὴρ
1532 1075 1665 1156 συναιρεῖ
1689 1072 1739 1134 καὶ
1765 1071 1813 1132 τδν

237 1187 289 1246 τοῦ
301 1183 398 1266 πατήρ
411 1183 461 1244 καὶ
474 1182 553 1244 οότω
576 1182 610 1243 τὸ
634 1182 741 1244 οἰκεῖον
760 1182 775 1244 ὁ
796 1181 885 1264 λόγος
901 1185 1000 1252 σώζει·
1053 1180 1124 1244 υἱόν.

236 1296 300 1358 ἐπεὶ
313 1299 412 1378 κτῆμα
426 1293 480 1356 οὐκ
490 1292 566 1356 ἔστιν
581 1290 641 1356 ἀλλ’
659 1291 729 1355 οὐδὲ
747 1294 852 1361 δοῦλος
871 1292 999 1377 ἣφίλος·

236 1406 279 1468 ότι
304 1407 393 1492 μηδὲν
424 1405 600 1488 οἰκειότερον
628 1403 757 1488 πατρλῆ
785 1407 863 1474 παῖς·
893 1405 999 1466 δοῦλον

183 1513 222 1576 10
236 1516 263 1579 δ’
293 1515 326 1579 ἀν
350 1515 369 1599 ἢ
393 1517 481 1601 φιλον
506 1515 647 1579 οὐδέποτε
670 1515 820 1598 νοήσαιμι.

67 2965 204 3035 ὁμώνυμοι.

55 4748 205 4818 συνώνυμα.

236 1628 433 1692 Συντάσσεται
458 1628 490 1690 δὲ
513 1633 625 1709 γενικῇ,
650 1626 683 1689 ἐκ
704 1626 874 1710 περιουσίας
895 1626 945 1688 καὶ
962 1628 1081 1706 δοτική·
1105 1625 1138 1685 τὸ
1163 1625 1262 1708 μέντοι
1274 1623 1371 1691 ίκελος
1387 1623 1449 1692 ίσος
1467 1622 1571 1705 όμοιος
1588 1623 1751 1692 ἀτάλαντος
1767 1625 1813 1685 δο-

235 1745 303 1820 cum]
325 1739 419 1822 μόνη·
442 1742 528 1801 τοῦτο
551 1739 608 1820 γάρ
632 1736 691 1800 ἐστι
714 1736 785 1820 πρός
807 1761 833 1799 τι
857 1737 872 1798 δ
894 1737 967 1820 πρὸς
990 1736 1091 1819 ἑτέραν
1116 1736 1215 1818 σχέσιν
1239 1741 1363 1798 νοεῖται·
1389 1735 1450 1797 οἷον
1472 1735 1728 1816 ὑποστελλομένου
1746 1733 1813 1818 μηδ’

237 1849 308 1912 αὐτὸ
326 1850 469 1933 ὑπάρχειν
494 1850 534 1916 ῶς
557 1845 603 1934 ἐφ’
632 1849 672 1908 ῶν
696 1848 843 1932 εἰρήσεται
867 1846 951 1932 (eod.
975 1847 1102 1931 είρηται)
1126 1848 1255 1911 καὶτῶν
1280 1850 1479 1932 συγκριτικῶν.

337 1960 388 2024 Ac
403 1959 547 2042 plurima
562 1957 694 2042 quidem
711 1959 898 2042 perspicua:
915 1957 1018 2022 verba
1033 1966 1143 2022 autem
1161 1960 1223 2042 (5):
1248 1958 1374 2042 ἀνόητον
1392 1959 1489 2021 δὲκαὶ
1506 1956 1597 2042 άμφω
1614 1957 1753 2038 ἐπάγειν.
1769 2003 1776 2018 .
1790 1977 1812 2018 .:
1856 1951 1860 1961 '

235 2092 492 2158 superuacaneum
515 2083 556 2134 est
578 2082 738 2155 utromque
759 2091 867 2134 ιιοιιιωι
889 2081 916 2133 et
932 2071 1035 2155 petris
1058 2082 1085 2133 et
1098 2071 1165 2158 filii
1186 2071 1278 2134 simul
1294 2072 1380 2156 poni,
1404 2093 1472 2134 caen
1486 2071 1643 2156 uicinaque
1665 2070 1811 2133 mentione

235 2184 346 2248 enniano
376 2194 475 2246 tomen
498 2185 637 2267 ρωγιοια
663 2193 783 2244 moneat
810 2184 970 2246 cententio.-
1007 2181 1046 2246 ad
1074 2182 1283 2246 notissimam
1317 2181 1427 2264 graeci
1456 2181 1618 2246 sermonis
1646 2180 1816 2245 licentiam

235 2293 415 2376 pertinent,
441 2312 505 2374 qua
526 2299 622 2375 pater
645 2298 703 2356 aut
725 2297 832 2356 mater
855 2301 913 2357 aut
935 2293 1071 2358 omnino
1095 2292 1212 2356 affines
1235 2313 1327 2358 mero
1350 2292 1494 2357 nominis
1517 2291 1644 2375 proprii
1661 2291 1815 2374 genetivo

236 2405 277 2468 ad
300 2404 443 2468 alterum
465 2423 588 2467 nomon
612 2403 764 2485 apposito
788 2409 957 2481 notantur,
984 2405 1058 2487 ipsa
1080 2402 1338 2468 necessitudinis
1361 2403 1605 2486 significatione
1628 2402 1760 2466 omissa.

338 2514 469 2594 Quibus
492 2512 655 2578 absolutis
679 2514 726 2578 sic
748 2515 859 2597 pergit
882 2515 1039 2597 epitoma:

328 2625 538 2708 ‘Ouolouaoi
573 2626 648 2689 ἐστιν
676 2625 716 2688 ὧν
752 2623 846 2709 ὄνομα
875 2626 964 2708 μόνον
993 2625 1105 2704 κοινόν,
1139 2627 1154 2688 ό
1183 2627 1215 2689 δὲ
1248 2624 1326 2689 κατὰ
1357 2624 1489 2709 τούνυμα
1521 2625 1608 2709 λόγος
1635 2631 1688 2710 τῆς
1715 2622 1815 2690 οὐσίας

236 2740 343 2823 ἕτερος.

339 2848 540 2931 Συνώνυμα
563 2847 595 2910 δὲ
618 2848 657 2910 ών
681 2847 713 2910 τό
737 2870 768 2909 τε
792 2847 886 2931 ὄνομα
909 2850 1005 2911 κοινὸν
1029 2850 1079 2912 καὶ
1104 2850 1119 2912 ὁ
1143 2849 1230 2934 λόγος
1251 2853 1305 2933 τῆς
1328 2849 1430 2920 οὐσίας
1453 2848 1490 2912 αὐ
1511 2849 1552 2917 ός.

336 2959 448 3040 Atque
475 2959 511 3022 in
539 2958 650 3040 priore
673 2957 865 3022 definitione
892 2979 959 3023 non
986 2970 1039 3023 est
1065 2959 1151 3042 quod
1180 2960 1397 3038 haesitemus,
1432 2981 1510 3024 nam
1538 2965 1572 3024 ot
1599 2960 1634 3024 in
1657 2957 1812 3040 exemplo

236 3069 322 3154 quod
349 3077 466 3153 postea
495 3067 635 3134 adicitur
663 3089 683 3131 a
710 3067 837 3133 duobus
860 3069 1019 3135 Aiaeibus
1048 3078 1181 3155 sumpto
1210 3093 1284 3136 cum
1307 3071 1473 3155 Dionysio
1497 3071 1587 3135 etin
1610 3069 1722 3135 verbis
1744 3068 1814 3132 fere

235 3201 310 3244 eum
332 3179 470 3260 reliquis
494 3179 669 3255 consentit,
694 3199 834 3260 quornm
858 3180 1097 3263 explicationes
1119 3182 1310 3248 Lobeehius
1333 3181 1456 3265 pathol.
1479 3181 1658 3265 prolegom.
1681 3202 1712 3262 p.
1728 3178 1770 3244 60
1787 3198 1810 3244 s.

234 3291 490 3374 diligentissime
518 3290 665 3373 collegit:
700 3311 807 3372 neque
836 3291 1028 3358 aOrameri
1055 3293 1223 3358 anecdotis
1247 3291 1498 3358 Oxoniensibus
1521 3293 1539 3355 I
1566 3291 1628 3356 424
1656 3290 1815 3354 differunt

234 3410 413 3485 praecepta
435 3421 519 3482 quae
541 3401 576 3464 in
600 3402 746 3484 epitoma
769 3409 940 3480 secuntur,
969 3405 1088 3485 quibus
1115 3405 1394 3490 homonymorum
1421 3423 1559 3468 numero
1588 3423 1627 3467 ea
1654 3398 1815 3468 voeabula

235 3511 465 3588 excluduntur,
501 3533 584 3593 quae
609 3513 728 3576 ceteris
755 3513 890 3596 paribus
919 3522 975 3579 aut
999 3515 1120 3599 spiritu
1147 3522 1205 3580 ant
1227 3519 1365 3580 accentu
1389 3521 1445 3580 aut
1468 3535 1546 3579 casu
1569 3519 1626 3577 out
1649 3509 1814 3593 scriptura

234 3630 292 3688 aut
313 3643 452 3687 numero
476 3629 534 3686 aut
555 3643 677 3704 genere
699 3630 788 3686 inter
811 3644 846 3687 se
862 3623 1052 3708 discrepant
1067 3636 1125 3691 aut
1147 3626 1288 3709 denique
1304 3625 1344 3690 ad
1360 3625 1510 3692 diversas
1526 3621 1684 3688 orationis
1700 3627 1812 3704 partos

235 3735 418 3818 pertinent:
436 3730 503 3796 Ἔτι
526 3733 573 3796 ἐπὶ
596 3739 654 3796 τῶν
679 3735 846 3816 όμωνόμων
870 3736 949 3806 είκδς
965 3737 1113 3808 σώζεσθαι
1138 3738 1351 3824 ἀπαράλλακτα
1373 3737 1413 3818 μὴ
1439 3736 1526 3818 μόνον
1549 3735 1626 3798 κατὰ
1648 3735 1700 3816 τὴν
1724 3734 1812 3796 κατά-

234 3845 315 3927 ληξιν
329 3843 467 3907 ἀλλὰκαὶ
483 3844 560 3906 κατὰ
582 3848 733 3926 πνεῦμα·
756 3845 790 3906 τό
803 3846 857 3928 γάρ
882 3845 958 3917 οἶος
974 3848 989 3909 ό
1004 3847 1092 3929 μόνος
1107 3850 1156 3912 καὶ
1171 3851 1205 3910 τὸ
1222 3849 1299 3918 σίας
1320 3853 1373 3930 τῆς
1389 3846 1560 3930 ὁμωνυμίας
1574 3847 1737 3930 χωρίζουσι
1752 3848 1810 3906 τῶν

234 3955 410 4038 πνευμάτων
428 3955 458 4015 αἱ
471 3956 620 4039 διαφοραί.
637 3954 728 4016 κατά.
743 3955 861 4018 τόνον·
885 3958 919 4019 τὸ
935 3957 990 4042 γὰρ
1008 3959 1116 4042 ἄργος
1132 3961 1181 4022 καὶ
1198 3959 1304 4044 ἀργδς
1321 3957 1444 4027 αὐδιςοί
1459 3957 1550 4020 τόνοι.
1573 3957 1650 4020 κατὰ
1666 3961 1809 4019 πτῶσιν·

234 4063 277 4128 ότι
292 4067 326 4127 τὸ
343 4065 475 4150 ἐλάτης
498 4067 599 4148 γενικὴ
616 4067 663 4129 ἐπὶ
680 4066 801 4152 δένδρου
818 4068 1042 4152 λαμβανόμενον
1056 4072 1105 4132 καὶ
1128 4071 1231 4134 εὐθεῖα
1254 4072 1301 4134 ἐπὶ
1317 4070 1441 4154 ἡνιόχου
1458 4069 1516 4153 οὐχ
1540 4070 1695 4152 ὁμώνυμα.
1723 4065 1810 4130 Κατὰ

232 4178 381 4260 γραφήν·
407 4178 496 4244 ῶςτδ
519 4179 643 4240 καινὸν
667 4179 716 4239 καί
739 4178 853 4241 κενόν.
876 4179 1466 4266 need...(suppleoipibndn·)cbec'o
1490 4179 1590 4244 είπον
1614 4181 1716 4245 ἑνικῶς
1733 4177 1811 4241 ἀλλά

232 4289 282 4348 καὶ
312 4287 526 4372 πληθυντικῶς.
548 4287 657 4382 ⁸Kotcd.
679 4288 795 4370 γένος·
821 4291 861 4358 ῶς
876 4293 910 4352 τδ
934 4293 1062 4376 φάρος·
1088 4292 1247 4376 ἀρρενικῶς
1270 4294 1321 4376 μὲν
1344 4294 1378 4354 τδ
1401 4293 1518 4376 κτίσμα,
1542 4293 1680 4375 θηλυκῶς
1703 4289 1809 4371 δὲτὴν

231 4397 326 4476 πόλιν,
352 4397 514 4484 οὐδετέρως
537 4401 618 4463 δὲτὸ
637 4401 768 4481 ἱμάτιον·
792 4401 869 4463 κατὰ
893 4402 999 4488 μέρος
1022 4404 1133 4486 λόγου
1158 4407 1199 4473 ώς
1222 4403 1321 4488 έχεις
1345 4405 1428 4489 ῥῆμά
1450 4427 1481 4466 τε
1498 4404 1639 4486 σημαῖνον
1663 4401 1712 4462 καὶ
1728 4400 1810 4482 γένος

231 4509 341 4596 όφεων,
365 4513 405 4577 ῶς
428 4511 460 4571 δὲ
483 4512 532 4573 καὶ
556 4511 652 4595 ἅρμα
674 4512 723 4574 καὶ
742 4507 868 4597 Ἕλλησι
891 4514 994 4598 δίφρον
1019 4519 1173 4599 σημαῖνον,
1199 4517 1357 4602 ρωμαϊκῶς
1380 4518 1412 4579 δὲ
1434 4515 1471 4577 τό,
1495 4513 1585 4576 dele:
1610 4533 1708 4595 quam
1731 4511 1809 4576 ulti-

229 4641 317 4685 mam
341 4619 485 4704 speciem
510 4621 798 4703 epimcrismorum
821 4631 936 4688 auctor
959 4625 1046 4709 apud
1067 4624 1262 4691 Oramcrum
1284 4629 1305 4692 l.
1330 4649 1355 4692 c.
1378 4625 1455 4690 κατὰ
1478 4625 1636 4707 συνήθειαν
1660 4630 1765 4690 vocat.

336 4729 404 4797 Sed
426 4731 651 4797 memorabilis
681 4741 732 4799 est
759 4755 1023 4820 synonymorum
1047 4758 1146 4819 quam
1169 4759 1270 4821 supra
1292 4737 1428 4802 exhibui
1451 4735 1613 4812 definitio,
1643 4757 1742 4817 quam
1763 4757 1806 4800 ne

230 4842 357 4907 librarii
380 4842 536 4908 mendum
561 4843 694 4926 aliquod
717 4845 820 4910 latere
844 4847 1037 4930 suspiceris,
1067 4847 1232 4914 Theodori
1257 4848 1367 4913 (ianae
1396 4855 1492 4916 cavet
1519 4824 1713 4914 consensns:
1752 4847 1808 4930 qui
