4240 5512
995 303 1181 375 -is
1234 315 1348 350 ψ·

363 509 530 590 epitomae
543 525 613 588 cap.
629 504 654 590 γ’
671 507 734 590 περὶ
747 505 917 590 διαιρέσεως
928 511 985 568 τῶν
999 506 1154 589 στοιχείων
1168 504 1347 588 respondet
1360 503 1498 586 Dionys,
1512 511 1677 585 gramm.§
1711 503 1772 586 lp.
1785 504 1857 578 631,
1872 505 1890 566 1
1903 525 1946 567 ss.

570 668 585 692 „
630 615 654 678 δ’
676 617 742 700 περὶ
764 617 916 701 συλλαβῆς

634 731 777 810 ποσαχῶς
801 729 954 810 διαιρεῖται
977 726 997 808 ἡ
1021 726 1156 810 συλλαβή

675 838 743 924 όρυς
767 843 882 922 μακρᾶς
905 839 1056 924 συλλαβῆς
1421 886 1435 911 „
1577 886 1591 911 „

674 947 742 1032 όρος
766 949 907 1034 βραχείας
930 949 1083 1034 συλλαβῆς
1246 999 1260 1025 ,,
1421 996 1435 1022 ,,
1577 997 1591 1022 ,,
1659 948 1730 1024 §10

674 1063 740 1145 περὶ
762 1067 862 1145 κοινῆς
885 1061 1081 1146 συλλαβῇςῖθ)
1247 1109 1261 1136 ,,
1407 1049 1436 1134 ὀ
1577 1107 1591 1134 ο
1659 1059 1729 1134 §ll

570 1221 584 1248 ,‚
631 1169 653 1234 ε’
667 1173 748 1255 [περὶ
770 1171 925 1254 λόγου]30)
948 1173 998 1234 καὶ
1020 1173 1127 1242 λέξεως
1245 1219 1259 1246 ,,
1420 1217 1434 1243 ,,
1576 1217 1591 1242 ,,
1659 1167 1737 1244 ἓ13.
1752 1167 1800 1231 12.

466 1283 643 1366 Epitomae
666 1289 767 1364 caput
788 1283 926 1346 tertium
951 1281 1053 1346 simili
1076 1279 1191 1344 ordine
1212 1287 1311 1361 atque
1327 1277 1485 1362 Dionysii
1500 1285 1517 1355 ᾖ
1534 1277 1552 1341 7
1570 1286 1604 1341 et
1619 1277 1779 1344 Theodos.
1796 1301 1827 1362 p.
1842 1279 1884 1342 35
1901 1301 1943 1344 ss.
2002 1323 2003 1336 2

364 1393 558 1457 institutum
589 1413 662 1456 esse
689 1391 786 1457 facile
812 1400 963 1475 apparet:
997 1391 1192 1474 praemissis
1220 1390 1309 1454 enim
1336 1388 1503 1454 vocalium
1527 1395 1561 1452 et
1583 1409 1805 1453 consonarum
1827 1389 1943 1454 defini·
2003 1419 2005 1450 ι

368 1501 530 1578 tionibus,
558 1512 719 1584 nonaeque
747 1511 785 1566 nt
813 1502 923 1566 solent
950 1501 1209 1566 distribuuntur:
1243 1501 1377 1566 vocales
1404 1507 1462 1594 ant
1488 1497 1669 1582 productae
1692 1505 1749 1564 aut
1772 1512 1944 1609 correptae
2005 1585 2006 1588 γ

364 1621 422 1676 aut
442 1612 662 1696 ancipites³¹),
687 1611 870 1677 secundum
884 1613 1085 1695 positionem
1099 1612 1346 1696 praepositivae
1362 1620 1420 1675 aut
1435 1609 1713 1693 subiunctivae³²)
1739 1613 1944 1695 (προτακτικά,

364 1725 562 1804 ὑποτακτικά)
585 1761 627 1770 -
655 1731 734 1788 sunt
762 1722 946 1808 μεταβολικὰ
973 1731 1032 1788 aut
1060 1725 1244 1808 ἀμετάβολα,
1267 1733 1367 1806 prout
1400 1722 1437 1784 in
1470 1721 1643 1786 nominum
1676 1721 1731 1787 vel
1765 1721 1943 1787 verborum

363 1835 507 1899 flexione
534 1834 756 1898 mutationem
786 1844 844 1897 aut
872 1833 1054 1897 admittunt
1081 1840 1138 1896 ant
1164 1854 1232 1898 non
1260 1833 1448 1897 admittunt.
1478 1853 1700 1897 consonarum
1722 1831 1842 1898 divisio
1865 1841 1944 1896 nota

361 1953 426 2009 est:
450 1943 537 2026 quod
551 1945 641 2010 inter
656 1943 805 2027 duplices
822 1944 893 2008 sola
909 1948 924 2015 ί
939 1944 1053 2008 littera
1075 1965 1192 2011 vocem
1213 1966 1282 2008 non
1303 1944 1479 2008 terminari
1494 1943 1689 2026 docetur³³),
1712 1942 1746 2006 id
1763 1942 1943 2007 Theodosii

362 2055 542 2138 respondet
570 2055 794 2121 observationi
823 2057 869 2139 (p.
892 2056 942 2132 38,
967 2057 1009 2138 1).
1055 2057 1141 2121 Tum
1170 2054 1357 2137 disquisitio
1387 2075 1470 2138 quae
1497 2054 1575 2118 inde
1602 2075 1622 2118 a
1648 2054 1775 2122 verbis:
1810 2053 1875 2137 Οὐχ
1903 2057 1943 2122 ὡς
2011 2140 2013 2148 Υ

363 2165 453 2250 ἔτυχε
476 2167 508 2230 δὲ
531 2167 707 2250 οίονδήποτε
728 2173 786 2230 τῶν
811 2166 909 2250 μέσων
933 2167 1009 2229 ἐστὶν
1027 2169 1206 2252 οἱυυδήποτε
1230 2171 1274 2250 (p.
1290 2166 1329 2230 21
1345 2167 1434 2249 infr.)
1457 2166 1657 2250 interposita
1677 2175 1729 2232 est
1743 2165 1783 2230 de
1806 2165 1943 2230 humani
2011 2150 2013 2158 ,

362 2279 509 2360 corporis
536 2279 696 2344 membris
724 2279 840 2362 lingua
862 2277 1017 2343 dentibus
1039 2279 1156 2354 labris,
1183 2299 1323 2362 quornm
1349 2299 1411 2360 ope
1434 2298 1597 2342 consonae
1620 2287 1731 2341 mutae
1753 2277 1941 2352 efferantur,

364 2411 404 2455 ea
426 2389 467 2453 ad
489 2390 630 2455 verbum
652 2389 721 2454 fere
745 2390 942 2473 deprompta
963 2389 1098 2456 videtur
1120 2411 1163 2454 ex
1186 2389 1310 2453 scholio
1333 2388 1556 2472 Melampodis
1579 2387 1650 2464 810,
1667 2391 1686 2452 5
1702 2426 1743 2434 -
1759 2388 1831 2463 811,
1848 2387 1889 2450 10
1904 2425 1943 2434 -

362 2521 461 2582 quem
476 2509 645 2564 auctorem
662 2521 704 2564 ex
719 2499 832 2564 codice
847 2499 1244 2583 HamburgensiPreller
1261 2500 1355 2564 eruit.
1373 2499 1431 2564 scd
1446 2499 1635 2564 adiciuntur
1651 2498 1715 2562 alia
1729 2497 1806 2562 inde
1823 2519 1842 2561 a
1856 2519 1887 2582 p.
1903 2495 1944 2560 22

361 2609 460 2675 med:
485 2607 532 2673 Τὰ
556 2611 607 2691 μὲν
630 2609 686 2694 γὰρ
709 2615 767 2672 τῶν
795 2613 975 2695 γραμμάτων
1000 2613 1166 2695 λειοτέρυυς
1187 2611 1328 2675 ἀποτελεῖ
1345 2610 1576 2696 φθόγγους...
1599 2609 1724 2674 maiore
1740 2609 1795 2676 vel
1815 2608 1944 2674 minore

363 2722 436 2786 soni
463 2721 643 2797 suavitate,
667 2743 732 2804 qua
754 2721 907 2805 singulae
929 2722 1061 2787 litterae
1088 2723 1363 2806 pronuntientur,
1388 2721 1535 2806 syllabas
1558 2729 1592 2785 ct
1613 2719 1792 2805 productas
1815 2730 1849 2784 et
1872 2741 1943 2784 cor-

366 2841 478 2916 reptas
501 2833 594 2908 oriri,
618 2832 737 2915 quibus
760 2841 799 2897 nt
818 2854 967 2916 quaeque
987 2833 1155 2898 sententia
1177 2854 1296 2898 versus
1318 2831 1476 2916 periodus
1500 2831 1645 2898 abundet
1666 2833 1714 2896 ita
1735 2841 1793 2896 ant
1814 2833 1943 2914 magni-

366 2944 466 3007 ficum
489 2954 547 3008 aut
562 2943 649 3008 exile
665 2943 796 3008 dicendi
818 2966 924 3028 genus
947 2944 1123 3009 efficiatur:
1147 2943 1205 3008 sed
1220 2965 1263 3008 ne
1278 2965 1317 3009 ea
1332 2943 1466 3027 quidem
1481 2965 1500 3008 a
1516 2943 1808 3028 grammaticorum
1825 2943 1944 3008 studiis

362 3053 472 3118 aliena
500 3061 593 3132 sunt,
617 3075 700 3136 quos
726 3055 870 3120 multum
897 3055 932 3119 in
960 3055 1013 3119 his
1040 3054 1279 3140 physiologicis
1308 3075 1391 3138 quae
1419 3054 1562 3120 dixerim
1589 3054 1723 3138 linguae
1750 3053 1943 3136 primordiis

359 3172 513 3230 versatos
542 3185 616 3229 esse
646 3164 845 3230 documento
869 3171 948 3230 sunt
971 3165 1237 3241 observationes,
1262 3166 1376 3247 quales
1405 3181 1584 3232 occurrunt
1612 3165 1699 3248 apud
1722 3164 1945 3230 Theodosium

1980 1349 2003 1390 d(

361 3274 412 3352 42,
435 3275 477 3340 24
504 3287 562 3340 aut
589 3276 677 3360 apud
706 3277 975 3342 Ohoeroboscum
997 3277 1075 3341 BA.
1097 3299 1129 3360 p.
1153 3275 1254 3341 1176:
1286 3277 1463 3361 adspiratis
1491 3286 1526 3342 et
1546 3276 1665 3342 mediis
1693 3277 1848 3342 fortiores
1871 3297 1945 3342 esse
1988 3261 1992 3268 ⁵

361 3386 571 3472 (ἰσχυρότερα)
596 3393 725 3464 tenues,
749 3388 851 3454 mutis
875 3387 1101 3454 semivocales.

465 3497 539 3562 Iam
560 3497 638 3562 inde
662 3519 681 3562 a
703 3497 829 3564 verbis:
862 3495 929 3562 ’Έτι
956 3498 994 3562 τὰ
1017 3501 1107 3561 διπλᾶ
1131 3497 1271 3562 οὐδέποτε
1294 3498 1402 3583 ἑτέρων
1424 3501 1591 3584 συμφώνων
1615 3500 1683 3584 ἤτοι
1706 3498 1943 3584 προτάσσεταιῆ

363 3606 559 3672 ὑποτάσσεται
588 3607 766 3693 (ρ.231.),
792 3629 876 3692 quae
900 3610 1007 3692 spatio
1036 3608 1077 3672 ad
1103 3609 1252 3672 litteram
1279 3607 1444 3674 initialem
1472 3607 1526 3692 (Ε)
1556 3609 1794 3693 capessendam
1827 3609 1944 3674 relicto

363 3737 382 3780 a
405 3717 682 3798 praecedentibus
704 3720 740 3783 in
756 3719 889 3785 Veneto
911 3729 1002 3786 recte
1027 3720 1178 3784 seiuncta
1193 3726 1281 3796 sunt,
1305 3720 1454 3802 quaestio
1477 3720 1513 3783 in
1529 3741 1568 3785 eo
1583 3728 1747 3798 versatur,
1770 3731 1809 3784 ut
1831 3720 1944 3802 quales

362 3825 497 3891 litterae
520 3847 627 3910 quave
655 3831 785 3896 ratione
813 3831 903 3894 inter
931 3852 967 3896 se
994 3831 1177 3895 consociari
1204 3831 1349 3913 possint,
1373 3832 1608 3915 perspiciatur,
1636 3832 1731 3898 velut
1757 3830 1944 3914 duplicibus

363 3937 521 4002 consonis
544 3959 706 4006 consonas
728 3963 790 4007 nec
813 3942 923 4026 excipi
944 3963 1007 4007 nec
1030 3963 1086 4006 eas
1108 3942 1210 4023 sequi,
1233 3950 1352 4006 tenues
1375 3943 1540 4018 tenuibus,
1565 3941 1741 4026 adspiratis
1757 3942 1942 4026 adspiratas

364 4047 475 4130 excipi
497 4055 531 4114 et
554 4050 684 4114 similia.
729 4051 925 4118 Ouinsmodi
947 4053 1198 4120 observationes
1222 4073 1297 4116 cum
1319 4053 1386 4117 iam
1409 4053 1497 4137 apud
1518 4053 1737 4137 Apollonium
1755 4054 1942 4139 Dysoolum

363 4157 533 4242 legantur:
563 4163 643 4245 (περὶ
666 4164 780 4234 συντάξ.
803 4163 854 4240 58,
879 4164 897 4228 1
922 4166 979 4245 ss.)
1008 4163 1040 4227 δν
1062 4163 1119 4249 γὰρ
1141 4162 1250 4247 τρόπον
1273 4164 1345 4227 κάπὶ
1367 4168 1425 4227 τῶν
1449 4166 1602 4249 στοιχείων
1626 4163 1705 4228 ἔστιν
1729 4165 1882 4248 ἐπινοῆσαι
1905 4167 1943 4228 τὰ
2012 4231 2013 4238 ,

364 4268 547 4335 ὑποτακτικόι
569 4270 679 4335 οόπυτε
701 4274 883 4357 προτακτικὰ
905 4273 1046 4360 γινόμενα
1066 4279 1123 4338 τῶν
1144 4276 1188 4344 οἷς
1210 4276 1353 4360 ὑπετάγη,
1374 4278 1425 4340 τδν
1443 4277 1530 4341 αὐτόν
1553 4276 1662 4363 τρόπον
1687 4277 1835 4362 στοιχείου
1852 4278 1941 4362 λόγον

363 4378 508 4463 ἐπέχοντα
529 4381 567 4446 τὰ
591 4383 664 4469 μέρη
680 4387 732 4446 τοῦ
755 4383 847 4466 λόγου
870 4385 903 4446 τδ
926 4390 1060 4450 τοιοῦτον
1082 4385 1289 4466 ἐπιδείκνυται,
1307 4386 1512 4470 singularem
1526 4388 1567 4453 de
1583 4410 1623 4454 ea
1637 4389 1777 4454 materia
1791 4388 1943 4456 libellum

362 4501 617 4516 ⁸————-———-

466 4567 498 4637 29)
517 4587 583 4637 qnos
601 4577 657 4624 tres
676 4571 770 4625 titulos
789 4571 1001 4640 omisit'jVenet.
1037 4574 1069 4639 30)
1087 4573 1144 4644 περὶ
1163 4573 1241 4643 λόγου
1259 4580 1334 4629 recte
1347 4575 1424 4629 addit
1436 4575 1568 4630 Venetus.
1603 4577 1638 4644 31)
1656 4576 1746 4646 τὰμὲν
1761 4577 1791 4648 δὴ
1806 4579 1942 4650 φωνηέντα

364 4649 522 4724 larcrymis
539 4660 600 4724 (pro
620 4655 785 4728 ἐπιδιήρτται)
803 4659 948 4725 legendum
966 4675 1026 4712 esse
1044 4661 1089 4712 vix
1112 4665 1153 4712 est
1171 4662 1245 4727 quod
1262 4678 1393 4716 moneam.
1430 4663 1462 4727 ³²)
1481 4663 1521 4715 ita
1538 4664 1668 4716 terminos
1687 4681 1703 4714 a
1720 4663 1861 4716 Prisciano
1880 4683 1941 4717 oon·

363 4752 533 4874 χυτεοεάεεσυ
553 4740 689 4794 Steinthal
707 4743 821 4796 adnotat
838 4759 865 4812 p.
883 4743 941 4798 561.
977 4745 1009 4811 ³³)
1026 4747 1109 4797 ταῦτα
1128 4743 1154 4796 δὲ
1172 4746 1216 4798 καὶ
1233 4743 1343 4818 alprand
1362 4748 1421 4800 εἰσιν
1441 4748 1466 4799 ἐν
1486 4746 1595 4817 ὀνόμασι
1611 4747 1679 4819 πλὴν
1697 4752 1743 4799 τοῦ
1762 4748 1776 4808 ζ
1795 4779 1825 4786 -
1845 4750 1942 4803 Venet.

380 4840 455 4892 ηκτοι
473 4859 480 4874 .
