4240 5512
1046 351 1344 426 -9—

405 547 514 613 babile
536 556 601 625 est,
625 567 668 614 ne
691 545 839 626 libellus,
857 548 885 614 si
909 557 977 614 tam
1000 553 1095 635 gravi
1118 552 1354 637 grammaticae
1377 549 1625 632 parmaneret,
1649 543 1886 610 detrimentum
1911 546 1987 612 inde

405 677 523 742 capere
546 658 725 724 videretur.

507 767 636 836 Similis
665 776 717 834 est
739 770 993 852 argumentandi
1027 773 1113 840 ratio
1142 795 1241 856 quam
1269 795 1310 838 ex
1334 768 1571 856 grammaticae
1605 767 1889 855 paragraphorum
1916 769 1944 832 4.
1968 769 1988 834 5

405 878 598 946 condicione
625 878 830 958 derivamus,
859 881 977 964 quibus
1006 884 1205 968 inscriptum
1234 892 1298 950 est:
1343 882 1409 966 περὶ
1439 882 1561 963 στιγμῆς
1584 882 1617 942 et
1644 877 1698 942 τίνι
1722 879 1857 963 διαφέρει
1881 879 1987 962 στιγμὴ

406 990 601 1074 ὑπαστιγμῆς;
637 987 787 1071 Quarum
816 991 949 1074 quidem
978 994 1084 1060 altera
1112 999 1140 1077 (t
1168 996 1203 1082 5)
1232 996 1280 1060 ita
1307 998 1498 1076 comparata
1531 995 1596 1066 est,
1630 997 1668 1053 ut
1702 988 1816 1054 statim
1843 989 1988 1072 aliquam

405 1099 602 1164 recentioris
631 1099 769 1184 originis
798 1103 1019 1186 suspitionem
1053 1113 1195 1174 moveat.
1229 1104 1308 1169 licet
1335 1101 1424 1168 enim
1453 1099 1595 1165 molesta
1623 1098 1772 1164 eiusdem
1800 1100 1989 1183 argumenti

405 1210 561 1295 repetitio
584 1211 723 1288 feratur,
747 1219 858 1278 tamen
881 1214 955 1298 ipsa
977 1236 1061 1298 quae
1084 1215 1259 1280 adhibetur
1280 1209 1508 1294 interrogandi
1531 1211 1638 1274 forma
1660 1209 1858 1296 Byzantinis
1882 1209 1988 1274 homi-

407 1321 506 1386 uibus
533 1320 708 1388 admodum
740 1322 898 1388 familiari
931 1327 1149 1408 posteriorem
1177 1333 1320 1390 aetatem
1346 1321 1441 1408 prodi
1472 1322 1539 1386 iem
1567 1319 1781 1385 Graofenhan
1810 1320 1830 1384 l.
1848 1339 1873 1384 o.
1895 1319 1989 1384 1445

408 1430 545 1514 eiusque
567 1431 743 1500 immemor
765 1433 807 1498 Κ.
827 1435 867 1500 D.
884 1438 924 1500 A.
946 1435 1100 1502 Schmidt
1109 1438 1131 1518 ἶ)
1155 1445 1245 1503 recto
1272 1435 1545 1502 observaverunt.
1591 1428 1658 1496 Sed
1682 1428 1988 1514 quomodocumque

408 1561 461 1606 res
496 1563 568 1606 sese
603 1543 717 1620 habet,
753 1553 821 1610 tres
849 1545 895 1610 ibi
923 1546 1142 1612 inveniuntur
1169 1547 1414 1612 distinctiones:
1460 1542 1581 1625 στιγμή.
1613 1542 1703 1626 μέση,
1727 1541 1893 1626 ὑπαστιγρή
1917 1541 1990 1608 sivo

407 1653 654 1738 ὑποδιασταλήθ)
678 1675 819 1737 quarum
842 1677 926 1740 quae
949 1656 1058 1722 medic
1081 1665 1220 1726 vocatur
1247 1664 1316 1722 tam
1338 1655 1457 1722 dubiae
1485 1660 1537 1719 est
1564 1651 1725 1726 notionis,
1753 1659 1790 1716 ut
1818 1672 1925 1734 noque
1949 1651 1989 1716 ad

407 1769 514 1828 certas
542 1764 634 1846 leges
656 1767 806 1832 revocari
836 1767 1072 1850 possitneque
1096 1787 1253 1854 umquam
1276 1764 1537 1849 ascriptoribus
1560 1761 1708 1827 adhibita
1731 1782 1804 1826 esse
1828 1761 1989 1828 videatur.

408 1871 497 1954 Quid
521 1875 607 1956 quod
630 1896 673 1940 ne
696 1876 844 1942 nominis
868 1877 998 1960 quidonr
1025 1880 1181 1962 vestigia,
1205 1879 1233 1943 si
1256 1877 1346 1942 locos
1370 1873 1529 1959 quosdam
1554 1872 1641 1956 apud
1664 1873 1845 1956 scriptores
1868 1872 1990 1938 latinos

407 1981 663 2063 Quintilianum,
688 1986 869 2064 Donatum,
893 1988 1091 2054 Diomedem
1115 1990 1329 2074 exceperis⁰)‚
1354 1991 1488 2060 servata
1511 2004 1584 2049 esse
1607 1982 1773 2048 videntur.
1819 1982 1990 2064 Quantum

409 2093 512 2177 igitur
534 2095 633 2161 huius
656 2097 825 2164 doctrinae
850 2099 1046 2183 simplicitas
1069 2100 1172 2166 distat
1199 2100 1239 2166 ab
1267 2099 1334 2164 illis
1363 2115 1447 2180 quae
1474 2103 1591 2180 postea
1613 2093 1760 2159 Nicanor
1788 2095 1992 2178 excogitavit

407 2203 634 2289 distinguendi
661 2208 825 2274 artificiisl
852 2211 881 2276 is
909 2221 1019 2276 autem
1043 2211 1226 2278 Herodiani
1254 2212 1323 2275 fere
1346 2207 1494 2292 aequalis
1518 2205 1579 2270 sub
1595 2203 1767 2270 Hadriano
1790 2204 1990 2288 imperatore

411 2316 539 2382 vixisse
572 2319 728 2384 traditur:
764 2341 801 2386 ao
830 2323 858 2386 si
887 2343 941 2388 res
965 2343 1048 2406 quae
1070 2345 1130 2408 per
1158 2345 1193 2389 se
1221 2328 1334 2406 pateat
1360 2325 1511 2387 veterum
1540 2315 1644 2380 nihilo
1667 2315 1778 2380 miuus
1806 2315 1990 2380 testimonii

408 2426 548 2511 indiget,
572 2449 646 2494 ecca
663 2429 885 2516 Melampodis
909 2435 979 2516 (qui
996 2433 1199 2520 Dionysium
1221 2436 1465 2498 commentatus
1488 2429 1554 2512 est)
1578 2424 1650 2502 758,
1669 2421 1899 2508 repellite,
1918 2425 1989 2512 17);

411 2537 487 2600 κατὰ
510 2539 543 2602 δέ
565 2561 630 2602 τινα
654 2543 897 2628 μεταγενέστεραι
920 2544 1065 2629 τεχνικόν,
1090 2547 1165 2631 φημὶ
1188 2545 1219 2610 δὲ
1242 2544 1292 2606 τὸν
1317 2539 1478 2627 Νικάνορα,
1505 2539 1582 2601 ὀκτώ
1605 2537 1660 2602 εἰσι
1684 2538 1811 2622 στιγμαί.

511 2648 583 2713 Iam
617 2671 698 2716 vero
733 2671 807 2718 oum
842 2675 972 2720 summa
1005 2655 1193 2738 argumenti
1228 2651 1446 2718 similitudine
1480 2648 1636 2738 Dionysii
1671 2650 1888 2734 grammatica
1914 2670 1987 2714 eum

409 2759 581 2843 Apollonii
605 2761 757 2846 Dyscoli,
782 2763 965 2830 Herodiani
992 2766 1113 2850 patris,
1136 2765 1270 2849 scriptis
1294 2764 1470 2830 coniuncta
1498 2761 1555 2836 sit,
1585 2759 1658 2824 fieri
1681 2780 1747 2825 uon
1774 2767 1887 2844 potest
1910 2762 1989 2844 quin

410 2870 487 2936 inde
511 2892 640 2954 quoque
663 2873 787 2956 aliquid
811 2875 1028 2940 emolumenti
1051 2875 1214 2942 redundet
1242 2875 1281 2940 ad
1310 2875 1395 2939 hanc
1422 2892 1520 2955 quam
1550 2869 1589 2934 de
1617 2871 1853 2953 grammaticae
1881 2877 1989 2936 aetate

408 2983 617 3048 instituimus
640 2984 869 3066 quaestionem
898 2986 1144 3052 absolvendam.
1168 3007 1233 3070 qua
1264 2987 1298 3050 in
1326 3005 1362 3050 re
1390 3004 1432 3048 ne
1459 2981 1492 3046 id
1521 2980 1653 3064 quidem
1680 2981 1813 3048 videtur
1840 2989 1988 3066 praeter-

408 3092 609 3159 mittendum
637 3115 724 3171 esse,
754 3096 839 3178 quod
865 3095 1080 3164 Graesenhan
1107 3098 1127 3163 l.
1152 3119 1176 3163 c.
1200 3119 1266 3164 uno
1296 3096 1397 3163 verbo
1425 3093 1567 3158 monuit:
1613 3094 1641 3158 si
1670 3095 1887 3176 grammatica
1913 3103 1989 3178 post

409 3201 627 3286 Apollonium
655 3207 839 3289 composita
867 3215 969 3284 esset,
995 3209 1142 3274 futurum
1167 3209 1270 3274 fuisse
1293 3216 1331 3274 ut
1353 3213 1481 3282 auctor,
1505 3225 1548 3270 ne
1572 3205 1692 3270 aetatis
1716 3225 1794 3270 suae
1817 3203 1990 3270 desideriis

411 3312 556 3392 deesset,
585 3314 729 3398 aliquam
757 3317 797 3383 de
826 3319 1004 3386 verborum
1034 3321 1280 3386 constructione
1307 3300 1437 3403 partem
1466 3315 1608 3382 adderet.
1643 3315 1699 3380 sed
1728 3314 1888 3382 accedunt
1916 3315 1989 3394 alia,

409 3423 528 3505 quihus
544 3425 716 3510 Apollonii
732 3427 916 3496 doctrinam
932 3431 1049 3496 multis
1072 3430 1222 3515 partibus
1245 3430 1382 3514 politius
1398 3448 1536 3512 eamque
1560 3426 1601 3492 ob
1625 3447 1759 3492 causam
1782 3433 1858 3511 post
1881 3447 1989 3512 gram·

408 3535 564 3602 maticam
577 3545 726 3604 nostram
739 3541 962 3625 conscriptam
980 3564 1053 3608 osso
1066 3549 1237 3627 appareat:
1255 3563 1319 3624 quo
1335 3541 1483 3625 pertinet
1494 3539 1581 3622 quod
1593 3537 1777 3604 Mauricius
1790 3535 1943 3604 Schmidt
1954 3539 1988 3620 10)

409 3639 602 3716 observarit
625 3650 728 3716 variis
751 3651 1023 3718 coniunctionum
1047 3652 1238 3736 generibus,
1263 3673 1345 3735 quae
1366 3651 1568 3728 distinxerit,
1591 3649 1811 3733 Apollonium
1834 3649 1989 3732 Dionysii

408 3755 614 3839 simplicitati
630 3769 808 3844 praestare.
825 3783 887 3828 neo
903 3763 1014 3828 minus
1030 3763 1200 3830 montione
1216 3762 1316 3846 digna
1332 3761 1488 3830 videntur
1504 3779 1587 3844 quae
1604 3779 1623 3824 a
1638 3758 1680 3824 K.
1693 3759 1733 3824 El.
1747 3760 1786 3824 A.
1803 3756 1989 3824 Schmidtio

407 3867 443 3930 in
468 3867 606 3934 eandem
630 3879 759 3956 partem
784 3873 947 3958 sagaciter
969 3895 1006 3939 ao
1030 3874 1198 3939 subtiliter
1214 3872 1383 3956 disputata
1405 3855 1543 3952 sunt¹¹):
1568 3889 1642 3935 cum
1666 3869 1755 3934 enim
1771 3869 1988 3954 Apollonium

407 3977 442 4042 in
465 3977 550 4044 libro
567 3979 677 4063 aliquo
700 4004 789 4048 nunc
804 3984 974 4068 deperdito
998 3985 1241 4051 nominativum
1270 3985 1358 4048 inter
1380 4003 1476 4048 casus
1499 3981 1632 4066 proprie
1649 3979 1891 4046 numerandum
1915 4003 1988 4046 esse

407 4089 584 4171 negavisse
613 4111 655 4155 ex
685 4091 835 4160 Orameri
864 4093 1100 4160 anecdotorum
1130 4093 1375 4160 Oxoniensium
1408 4093 1474 4160 vol.
1496 4093 1547 4157 IV
1574 4114 1605 4176 p.
1627 4091 1691 4156 329
1724 4099 1867 4158 constet:
1902 4091 1988 4176 qnod

408 4197 601 4286 Dionysius,
626 4204 778 4286 quamvis
812 4205 938 4271 multus
967 4207 1011 4272 sit
1043 4206 1078 4270 in
1107 4204 1297 4271 nominibus
1320 4203 1530 4278 definiendis,
1554 4223 1596 4267 ne
1624 4203 1732 4270 movit
1754 4201 1886 4286 quidem
1915 4223 1987 4268 eam

407 4309 659 4390 dubitationem,
690 4313 724 4378 id
747 4322 805 4380 aut
827 4315 950 4383 mirum
973 4325 1025 4384 est
1047 4324 1105 4382 aut
1126 4317 1237 4399 priore
1260 4316 1331 4381 eius
1354 4322 1462 4382 aetate
1486 4314 1681 4399 explicatur.

509 4535 529 4602 1)
547 4535 689 4602 beitraogo
700 4551 747 4588 aur
759 4535 915 4604 geschichte
926 4537 974 4590 der
983 4510 1142 4606 grdrnnrnn.
1155 4567 1201 4588 ...a
1212 4561 1238 4604 g.
1247 4569 1282 4591 a.
1297 4537 1399 4592 ..echon
1409 4535 1465 4590 und
1475 4536 1523 4589 des
1532 4535 1718 4590 lateinischcu.
1729 4535 1807 4590 Halia
1817 4535 1883 4591 1859
1894 4553 1919 4606 ρ.
1929 4538 1988 4590 519.

407 4616 428 4680 ⁸)
447 4635 508 4671 narn
532 4621 604 4686 quod
627 4621 662 4674 K.
681 4621 712 4674 D.
732 4623 764 4676 A.
785 4620 909 4675 Schmidt
927 4621 943 4675 l.
962 4638 984 4675 c.
1003 4639 1028 4692 p.
1047 4620 1097 4676 517
1116 4641 1141 4676 n.
1162 4623 1192 4676 11
1217 4624 1244 4676 in
1267 4627 1358 4676 vetere
1381 4620 1540 4686 Quintiliani
1559 4619 1611 4686 (XI
1628 4621 1653 4686 3,
1672 4621 1716 4688 35)
1739 4621 1858 4676 editione
1880 4623 1989 4676 videtur

407 4701 554 4756 invenisse:
582 4704 752 4777 inaccessit,
780 4705 858 4760 nihili
882 4711 930 4760 est.
973 4708 993 4773 ο)
1017 4708 1050 4760 cs.
1072 4707 1108 4762 K.
1127 4707 1158 4761 Ε.
1181 4708 1214 4760 Α.
1238 4708 1361 4762 Schmidt
1384 4707 1400 4762 l.
1420 4723 1441 4760 o.
1466 4706 1534 4760 adde
1557 4705 1655 4760 Isidori
1679 4705 1712 4758 de
1735 4706 1821 4777 origg.
1845 4707 1920 4772 1,19
1943 4707 1987 4772 (de

407 4789 478 4843 notis
497 4789 712 4860 distinctionum)
731 4797 759 4845 ct
772 4807 840 4859 quae
853 4808 885 4844 ox
899 4793 992 4846 codice
1005 4791 1161 4848 Monacensi
1176 4793 1259 4846 14429
1277 4793 1311 4846 Η.
1324 4793 1442 4847 Kettner
1460 4793 1499 4858 (iu
1513 4796 1712 4860 programmate
1726 4791 1891 4848 scholastico
1904 4789 1985 4844 Ross-

406 4872 494 4924 loboni
515 4875 580 4926 1868
599 4891 624 4942 ρ.
643 4875 687 4944 35)
705 4877 800 4942 edidit,
819 4877 923 4932 Isidoro
942 4877 1086 4932 simillima.
1124 4877 1154 4948 10)
1173 4877 1268 4932 Philol.
1289 4878 1356 4932 VIII
1373 4879 1432 4932 236.
1471 4875 1501 4946 ¹¹)
1519 4877 1538 4931 l.
1557 4893 1579 4930 c.
1598 4892 1623 4944 p.
1643 4877 1701 4931 261.
