4240 5512
407 515 481 596 quis
493 519 590 596 putet
602 511 780 595 epitomem
791 509 840 572 ita
850 527 924 572 oum
937 506 1098 571 Planudis
1110 504 1328 588 grammatica
1339 503 1548 570 coniunctam
1561 525 1643 582 csse,
1656 506 1810 572 etaltera
1825 528 1867 570 ex
1883 506 1980 570 altera

405 623 561 700 hauserit,
585 622 619 686 id
642 622 756 686 statim
778 617 1026 702 denegaverim:
1055 638 1132 681 nam
1155 614 1325 680 Planudes
1349 635 1424 679 cum
1449 616 1585 682 omnine
1608 616 1648 681 ab
1671 616 1914 700 Apollonianae
1938 619 1981 682 lo-

406 734 548 798 cutionis
573 729 792 798 similitudine
814 729 947 812 longius
970 727 1095 792 recedit
1118 746 1215 808 quam
1240 726 1395 808 epitoma,
1418 732 1489 790 tum
1506 727 1722 792 manifestum
1746 727 1890 810 aliquem
1914 727 1982 793 sive

405 867 551 912 errorem
576 844 701 909 dixeris
725 843 797 908 sivo
821 840 988 925 opinionis
1012 838 1270 922 discrepantiam
1294 835 1437 913 admisit,
1462 838 1555 903 cuius
1578 839 1680 922 isqui
1704 839 1883 922 epitomem
1908 860 1983 905 eeu-

405 956 484 1021 fecit
515 977 637 1039 expers
661 961 725 1020 cst:
766 953 802 1016 in
836 972 875 1016 ea
897 951 1025 1016 seilicet
1052 957 1146 1034 parto
1174 969 1238 1032 qua
1266 947 1306 1011 do
1333 947 1478 1014 nominis
1505 949 1696 1034 principatu
1724 950 1793 1033 agit
1816 949 1901 1031 (113,
1931 951 1984 1031 19)

405 1073 539 1150 praeter
561 1065 829 1150 expectationem
852 1063 899 1127 sic
921 1061 1045 1145 pergit:
1074 1061 1255 1145 ἐπεκράτησε
1285 1058 1382 1141 μέντοι
1410 1060 1554 1144 συνήθεια
1585 1064 1626 1130 ὡς
1648 1068 1688 1144 τῇ
1711 1062 1857 1144 όνομασίυρ
1879 1061 1986 1144 τούτου

405 1177 626 1240 taureas-:oo
651 1178 812 1262 ῥήματος
839 1176 889 1238 καὶ
916 1173 955 1236 τό(
982 1171 1060 1236 ἄλλα
1087 1175 1140 1234 τοῦ
1168 1171 1259 1253 λόγου
1291 1172 1364 1255 μέρη
1388 1173 1544 1236 καλεῖσθαι
1575 1173 1729 1258 ρήματαε
1768 1193 1851 1255 quae
1872 1179 1987 1238 tamen

407 1289 586 1365 sententia,
618 1287 646 1352 si
669 1289 903 1369 argumentum
939 1289 973 1348 et
1008 1289 1200 1347 contextum
1231 1303 1307 1346 cum
1333 1282 1608 1365 praecedentibus
1632 1283 1912 1366 sequentibusque
1934 1305 1986 1348 ro-

409 1399 542 1481 spiciaS,
571 1403 642 1462 tota
669 1417 711 1461 ex
734 1394 913 1480 Apollonio
935 1392 1071 1477 pendet:
1101 1391 1166 1476 (12,
1190 1391 1245 1473 23)
1274 1395 1488 1479 κατεκράτησεν
1518 1393 1641 1458 οὖνκαὶ
1668 1395 1688 1477 ἡ
1713 1392 1763 1457 ἀπ’
1792 1395 1883 1458 αὐτοῦ
1905 1397 1987 1465 θέσις

409 1511 441 1571 τό
464 1510 559 1572 πάντα
582 1509 620 1572 τό.
642 1512 695 1571 τοῦ
718 1507 809 1592 λόγου
839 1507 912 1591 μέρη
941 1504 1097 1569 καλεῖσθαι
1127 1503 1289 1588 ὀνόματα
1317 1507 1357 1574 (ος
1386 1504 1420 1568 ἂν
1449 1506 1540 1570 αὐτοῦ
1568 1507 1807 1592 προύφεστῶτοςῑ
1846 1527 1991 1589 eumque

406 1621 513 1685 locum
536 1627 651 1686 noster
674 1617 715 1683 ad
742 1616 882 1685 verbum
909 1616 979 1680 fere
1007 1614 1200 1699 exscripsit:
1228 1621 1290 1679 τοῦ
1316 1622 1412 1681 τοίνυν
1442 1616 1622 1700 ὀνόματος
1648 1621 1875 1704 προϋφεστῶτος
1903 1642 1985 1680 κατε-

406 1736 548 1817 κράτησαν
572 1733 650 1796 οὕτω
673 1732 722 1795 καὶ
745 1729 839 1794 τᾶλλα
863 1730 938 1813 μέρη
961 1732 1014 1790 τοῦ
1037 1728 1128 1810 λόγου
1150 1728 1315 1792 καλεῖσθαι.
1354 1729 1477 1792 Totum
1498 1750 1578 1794 vere
1602 1735 1702 1813 caput
1723 1729 1771 1794 ita
1792 1729 1985 1794 institutum

405 1851 464 1920 est,
488 1851 527 1907 ut
540 1842 713 1926 Apollonii
738 1839 973 1924 disputationis
996 1838 1036 1902 de
1060 1839 1221 1903 orationis
1243 1838 1394 1922 partibus
1418 1840 1626 1923 conscriptae
1641 1846 1809 1922 tamquam
1824 1849 1999 1932 perpetuo

404 1955 644 2020 commentario
668 1955 841 2036 fungatur,
876 1971 943 2024 uon
971 1971 1075 2032 aeque
1098 1950 1226 2033 ingenii
1248 1950 1432 2015 luminibus
1461 1972 1499 2015 ae
1526 1951 1706 2018 vorborum
1733 1951 1827 2034 copia
1854 1953 1999 2036 conspi-

405 2088 512 2143 cuum,
536 2067 584 2130 ita
605 2073 643 2130 ut
664 2063 852 2149 praeceptis
876 2083 918 2128 ex
941 2061 1122 2144 Apollonio
1145 2061 1321 2144 descriptis
1344 2063 1596 2128 immisceantur
1619 2064 1875 2139 controversiae,
1904 2045 1999 2146 quao5

407 2177 569 2245 ἀντιθέσεις
592 2181 626 2240 et
647 2176 744 2244 λόσεις
767 2180 937 2248 vocantur,
973 2167 1007 2236 'et
1029 2172 1137 2237 omnis
1160 2173 1292 2256 generis
1316 2172 1556 2252 adnotationes,
1586 2174 1700 2257 quales
1724 2174 1907 2239 communis
1932 2197 1999 2293 sir-p

406 2288 518 2371 pellex
541 2288 661 2352 aetatis
676 2287 767 2351 illius
783 2285 824 2350 ad
840 2284 1087 2368 excerpendnm
1107 2285 1285 2368 praecipue
1300 2291 1474 2368 promptae
1490 2285 1678 2368 praebebat.
1701 2284 1886 2350 cuiusmodi
1909 2295 1999 2372 suut}

405 2399 493 2462 τὸὲν
517 2397 723 2481 quadruplex
747 2417 820 2461 esse
848 2396 867 2478 ἢ
895 2401 939 2480 τῷ
968 2395 1090 2481 ἀριθμῷ
1116 2396 1135 2478 ἢ
1159 2403 1204 2480 τιγῖ
1226 2395 1298 2459 εἰόει
1321 2397 1340 2478 ἢ
1363 2403 1408 2483 τῷ
1429 2397 1505 2479 γένει
1528 2397 1547 2479 ἢ
1571 2404 1611 2479 τῇ
1633 2397 1778 2480 ἀναλογίᾳ
1801 2397 1999 2463 νο1Ηυιο-,

404 2509 495 2573 diani
518 2508 667 2573 definitio
697 2509 819 2588 (Lenta
842 2507 860 2570 I
882 2507 954 2583 551,
978 2507 1086 2586 5-8)
1116 2504 1331 2588 [Ἐγ]κλιτικὸν
1361 2505 1388 2569 δ’
1424 2508 1484 2570 ἐστὶ
1513 2507 1614 2592 μόριον
1641 2509 1656 2572 ὃ
1679 2508 1730 2591 τὴν
1755 2507 1828 2571 ἰδίαν
1852 2510 1985 2589 κοιμίζον

406 2621 501 2694 ὀξεῖαν
525 2622 577 2704 τὴν
601 2619 794 2704 προκειμένην
819 2619 938 2704 βαρεῖαν
963 2619 1133 2702 μεθίστησιν
1157 2617 1199 2686 εἰς
1223 2617 1328 2690 ὀξεῖαν.

505 2731 583 2796 Duo
614 2751 697 2813 quae
721 2737 879 2796 secuntur
908 2729 1016 2812 capita
1043 2727 1159 2794 eodem
1187 2750 1251 2812 quo
1278 2730 1313 2794 in
1337 2729 1494 2812 Dionysii
1520 2729 1739 2813 grammatica
1768 2729 1882 2794 ordine
1911 2751 1984 2796 sese

405 2843 561 2925 excipere
584 2841 643 2907 vix
667 2847 757 2906 esset
779 2840 865 2924 quod
890 2859 1197 2918 commemorarem,
1224 2839 1291 2904 nisi
1318 2841 1359 2904 de
1388 2827 1449 2904 hac
1471 2839 1545 2922 ipsa
1567 2861 1603 2904 re
1626 2839 1903 2923 disceptationem.
1926 2841 1985 2904 ali-

406 2972 506 3035 quam
529 2951 618 3016 inter
639 2953 873 3035 grammaticos
895 2952 999 3017 fuisse
1023 2950 1288 3017 eOhoerobosco
1312 2949 1486 3032 (Gaissord
1501 2951 1529 3026 7,
1555 2950 1595 3015 10
1610 2952 1651 3035 s.)
1676 2949 1887 3029 disceremus,
1912 2973 1987 3016 cum

405 3061 605 3147 Apollonius
628 3062 841 3128 Herodianus
868 3063 1041 3127 Romanus
1070 3068 1104 3126 et
1132 3061 1187 3144 qui
1215 3062 1255 3126 ab
1284 3083 1398 3127 eorum
1426 3061 1577 3145 partibus
1606 3067 1748 3140 starent,
1782 3063 1986 3128 contrarium

405 3173 556 3239 ordinem
580 3175 683 3238 statui
710 3173 895 3259 vellent⁵⁸).
954 3173 1023 3237 Nec
1050 3194 1130 3239 vero
1163 3179 1338 3256 praeterea
1365 3174 1400 3237 in
1429 3172 1527 3238 tertio
1555 3174 1663 3256 eapite
1691 3173 1870 3257 quidquam
1897 3174 1987 3238 inest

407 3286 488 3368 quin
511 3305 553 3350 ex
569 3285 736 3370 Dionysio
760 3286 896 3368 eiusque
919 3284 1055 3350 scholiis
1079 3291 1249 3367 sumptum
1274 3286 1330 3350 sit:
1353 3306 1431 3350 uam
1454 3306 1529 3349 eum
1545 3285 1632 3348 κοινὰ
1654 3291 1689 3350 et
1710 3286 1844 3350 ἐπίκοινα
1866 3285 1984 3350 distin-

407 3398 602 3478 guuntur⁵⁰)
625 3403 698 3460 tum
726 3397 877 3462 doctrina
903 3396 962 3460 illa
989 3395 1145 3460 subtilius
1173 3398 1361 3480 excogitata
1388 3417 1452 3478 qua
1484 3395 1524 3460 de
1552 3397 1741 3462 nominibus
1769 3397 1879 3479 agitur
1902 3417 1986 3480 quae

411 3513 516 3576 κοινῶς
541 3509 624 3576 ἰδίως
647 3507 803 3572 κοινότατα
831 3510 974 3572 ἰδιαίτατα
1001 3509 1223 3590 proferantur,
1258 3507 1299 3572 ad
1332 3507 1472 3574 verbum
1505 3508 1574 3572 fero
1602 3508 1727 3573 scholio
1751 3508 1891 3592 Dionys,
1913 3507 1986 3586 845,

408 3616 508 3682 19-29
522 3618 761 3702 respondetffl),
784 3619 832 3682 ita
848 3624 959 3682 tamen
975 3624 1013 3682 ut
1029 3617 1098 3700 (⁸28)
1115 3618 1239 3684 verbis:
1265 3620 1410 3683 ἰδιαίτατα
1433 3621 1465 3682 δὲ
1489 3621 1529 3687 ὡς
1552 3619 1594 3681 τό(
1618 3620 1778 3702 ὀνόματα
1800 3625 1857 3684 τῶν
1879 3620 1985 3702 όνομοί-

408 3751 466 3790 των
495 3749 538 3792 ne
567 3740 645 3811 post
667 3728 863 3795 Steinthalii
896 3728 1028 3812 quidem
1062 3729 1366 3812 explicationcmffl)
1396 3731 1477 3795 satis
1511 3729 1676 3814 expeditis
1704 3731 1850 3814 epitoma
1876 3730 1984 3795 levem

406 3837 673 3905 emendationem
696 3843 826 3906 afferat:
856 3843 897 3909 ὡς
920 3842 959 3904 τὰ
983 3841 1160 3924 ὁμώνυμα
1182 3846 1239 3904 τῶν
1270 3840 1437 3924 όνομοίτων.
1462 3841 1693 3923 significantur
1716 3847 1827 3906 autem
1850 3841 1984 3906 nomina

405 3951 541 4034 propria
562 3951 713 4034 pluribus
737 3953 933 4029 eommunia,
956 3953 1051 4017 velut
1072 3953 1161 4016 Aiax
1183 3951 1408 4035 Apollodorus
1431 3951 1617 4035 Dionysius
1640 3952 1713 4016 alia.

507 4061 579 4126 Iam
608 4083 686 4127 vero
716 4063 756 4127 ad
784 4073 938 4146 quartum
966 4065 1032 4147 περὶ
1066 4064 1153 4126 εἰδῶν
1182 4071 1294 4147 caput,
1330 4085 1393 4146 quo
1416 4064 1547 4129 nullum
1582 4064 1747 4146 copiosius
1780 4064 1814 4128 in
1839 4066 1985 4148 epitoma

406 4178 585 4238 tractatum
609 4181 669 4250 est,
693 4174 970 4258 progrediendum
994 4180 1058 4238 est:
1088 4175 1180 4240 euius
1204 4174 1378 4240 exordium
1404 4175 1467 4242 hoc
1490 4181 1553 4240 est:

507 4283 593 4348 Μετὰ
609 4287 641 4347 τὸ
658 4284 741 4368 γένος
757 4286 866 4350 κείσθω
882 4287 915 4350 τό
932 4285 1020 4364 εἶδος,
1038 4286 1064 4348 εἰ
1080 4288 1130 4350 καὶ
1146 4287 1286 4372 πρότερον
1303 4287 1449 4373 τετάχθαι
1470 4287 1540 4350 ἔδει·
1557 4287 1619 4350 ἔστι
1636 4288 1668 4350 δὲ
1684 4285 1762 4355 εἶδος
1778 4293 1879 4372 φωνῆς
1895 4289 1982 4350 εἰκὼν

379 4375 382 4382 ⁴
427 4394 434 4416 ι
479 4396 486 4416 ι
591 4404 605 4417 ι.
623 4399 635 4417 s
700 4401 714 4414 u
821 4401 828 4422 ν
913 4397 926 4418 τι
1021 4397 1029 4418 ι
1134 4400 1141 4420 ν
1273 4399 1282 4420 ν
1363 4401 1371 4422 ν
1516 4401 1531 4416 ιν
1568 4398 1593 4424 us
1656 4398 1664 4420 ι
1817 4399 1824 4420 ι
1974 4402 1980 4422 ι

407 4417 458 4476 την
475 4419 504 4458 εν
522 4396 604 4482 αἰιτιμ
621 4401 754 4481 ογλουσα
770 4420 887 4484 πρωτην
909 4421 929 4479 η
946 4400 1084 4482 ὃευτεραν
1107 4398 1197 4462 θεσιν.
1243 4399 1302 4463 Δυο
1323 4422 1419 4462 τοινυν
1440 4397 1530 4463 αἰιτου
1552 4413 1615 4482 aeq
1632 4421 1665 4461 το
1681 4423 1713 4462 τε
1728 4422 1918 4482 πρωτοτυπον
1935 4424 1984 4461 και

409 4507 597 4592 παροίγωγον,
622 4509 815 4593 πρωτότοκον
840 4510 891 4592 μὲν
913 4510 947 4572 τό
971 4509 1158 4594 πρωτόθετον
1175 4511 1309 4596 όποίρχον
1324 4511 1374 4574 καί
1392 4512 1432 4595 μὴ
1450 4509 1522 4594 ἔχον
1543 4510 1608 4573 τινὰ
1630 4512 1826 4594 προκοίταρίιν
1849 4513 1868 4596 ἢ
1893 4513 1984 4575 αἰτίαν

405 4627 657 4642 Ἢ-

508 4686 541 4751 ωλ
564 4689 597 4740 Κ.
616 4689 646 4740 Ε.
665 4689 699 4742 Δ.
719 4688 842 4742 Schmidt
865 4707 890 4759 p.
909 4691 967 4743 234.
992 4707 1137 4758 eorumque
1156 4707 1260 4744 memor
1279 4691 1408 4759 epitoma:
1437 4689 1649 4760 προτέτακται
1672 4690 1702 4743 δὲ
1722 4691 1807 4760 όμως
1823 4692 1890 4744 κατὰ
1908 4691 1980 4764 (ριλο-

405 4765 499 4842 σόφου(
516 4768 649 4826 κάνταῦθα
666 4773 695 4826 τό
714 4775 787 4844 γένος
796 4781 824 4827 et
834 4791 892 4845 cap.
903 4777 943 4828 IV
964 4776 1055 4830 initio:
1076 4777 1139 4845 μετὰ
1157 4775 1186 4828 τὸ
1204 4776 1276 4845 γένος
1294 4775 1389 4828 κείσθω
1408 4774 1437 4827 τὸ
1457 4773 1522 4834 εἶδος
1541 4775 1567 4828 εἰ
1584 4777 1638 4829 καὶ
1655 4775 1812 4848 πρότερον
1831 4776 1982 4846 τιτοίγθαι

405 4852 475 4906 ἔδει.
521 4855 552 4924 ⁶⁰)
572 4855 680 4910 Lobeek
699 4861 774 4930 path.
793 4862 861 4930 prol.
881 4879 906 4932 p.
924 4861 965 4914 23.
1002 4863 1033 4928 ⁶⁰)
1056 4879 1104 4914 nee
1122 4862 1203 4917 schol.
1222 4863 1285 4929 863,
1308 4863 1341 4916 23
1360 4863 1640 4930 praetermittendum.
1677 4860 1709 4930 11)
1727 4863 1745 4915 l.
1765 4879 1786 4915 e.
1805 4881 1831 4932 p.
1844 4864 1902 4916 601.

1740 4964 1777 5020 4*
