4240 5512
902 314 1224 387 —26—

272 517 365 590 tinct,
388 516 504 598 paucis
526 516 692 597 attingere
707 516 821 580 liceat:
844 517 874 580 is
897 518 1008 598 igitur,
1030 518 1214 582 monachus
1228 519 1496 602 Byzantinusff),
1519 543 1628 602 quem,
1650 543 1726 586 cum
1740 546 1850 608 neque

268 627 401 710 quaudo
422 643 522 692 natus
544 649 606 692 neo
628 627 760 709 qnando
784 635 935 692 mortuus
959 629 1003 690 sit
1025 629 1108 692 satis
1130 629 1265 710 liqueat,
1288 650 1375 694 anuo
1397 653 1429 712 p.
1452 630 1530 695 Chr.
1552 655 1584 697 n
1609 633 1691 696 132?
1713 636 1755 698 ab
1778 637 1849 700 An·

267 738 404 803 dronico
430 739 466 801 II
492 741 646 821 Augusto
674 740 729 802 cui
754 760 851 803 carus
878 752 951 803 erat
977 750 1143 803 oratorem
1170 740 1213 804 ad
1240 741 1389 805 Venetos
1416 741 1557 806 missum
1585 766 1659 809 esso
1686 745 1848 820 audimus,

265 851 355 914 iuter
376 871 456 914 suae
478 851 598 914 aetatis
621 850 775 915 homiues
797 852 949 914 infinitae
972 851 1156 932 sapientiae
1178 851 1268 914 fama
1282 853 1436 917 floruisse
1456 854 1624 936 putandus
1646 864 1698 920 est
1712 877 1751 920 ac
1773 879 1849 920 cer·

266 967 377 1024 satum
398 983 476 1025 eum
490 962 594 1026 fuisse
616 962 653 1024 in
668 963 759 1025 omui
774 963 964 1025 litterarum
978 983 1102 1044 genere
1123 962 1295 1039 librorum,
1317 985 1401 1044 quos
1428 968 1624 1048 composuit,
1647 967 1748 1032 index
1770 989 1848 1032 con·

267 1074 392 1135 firmat:
428 1093 507 1136 nam
529 1071 874 1156 praeterquamquod
900 1073 936 1136 in
959 1074 1178 1156 scriptoribus
1201 1075 1305 1138 sacris
1332 1095 1468 1156 operam
1489 1077 1666 1142 collocavit
1687 1090 1722 1142 et
1743 1079 1848 1142 libros

266 1184 424 1267 physicos
445 1191 481 1247 et
501 1183 731 1249 arithmeticos
753 1185 1002 1248 commentariis
1024 1184 1197 1261 iustruxit,
1219 1223 1260 1232 -—
1283 1205 1367 1267 qnae
1389 1185 1524 1268 singula
1544 1189 1700 1269 persequi
1722 1189 1763 1252 ab
1785 1189 1847 1254 hoc

265 1295 340 1360 loco
362 1297 510 1360 alienum
532 1305 584 1360 cst
606 1335 648 1344 -
669 1297 706 1360 iu
728 1297 896 1361 rhetorica
917 1295 1028 1360 studia
1049 1295 1216 1371 incubuit,
1243 1316 1320 1359 eum
1342 1305 1376 1359 et
1397 1295 1612 1360 difficillimas
1634 1301 1848 1379 quaestiones

266 1408 482 1490 proposuisse
504 1429 543 1470 ao
565 1409 652 1472 mira
671 1407 831 1472 felicitate
847 1407 1044 1472 dissolvisse
1059 1406 1210 1470 tradatur
1224 1415 1260 1470 et
1270 1387 1449 1471 ¹orationes
1464 1407 1705 1472 conscriberet:
1728 1410 1848 1474 sollers

265 1517 354 1580 idem
381 1519 670 1602 epigrammatum
694 1517 801 1582 editor
823 1519 1118 1600 Romanorumque
1150 1525 1323 1582 auctorum
1350 1519 1530 1601 interpres:
1572 1519 1715 1601 denique
1743 1521 1848 1601 pluri-

175 1609 179 1614 *
266 1650 398 1692 morum
419 1628 582 1692 librorum
604 1629 662 1711 qui
684 1628 726 1692 ad
752 1631 1005 1712 grammaticam
1030 1629 1203 1712 pertinent
1233 1635 1350 1691 auctor
1376 1628 1663 1711 diligentissimus.
1719 1628 1848 1710 Quodsi

264 1753 376 1804 tamen
399 1761 439 1804 ea
460 1741 586 1822 scripta
607 1761 702 1822 quae,
725 1742 917 1805 etiamnunc
939 1741 1115 1824 permultis
1136 1742 1174 1804 iu
1201 1739 1478 1803 bibliothecarum
1500 1741 1632 1804 scriniis
1654 1739 1847 1816 latentibus,

264 1851 472 1914 Bachmauni
493 1851 584 1915 curis
605 1874 713 1934 nuper
734 1862 830 1916 eruta
852 1861 945 1928 sunt,
974 1853 1122 1916 nominis
1148 1853 1257 1915 famae
1284 1872 1349 1932 qua
1370 1851 1460 1914 inter
1481 1851 1636 1932 aequales
1658 1851 1844 1916 excellebat

262 1983 381 2044 parum
403 1962 605 2044 respondere
627 1963 818 2038 videantur,
846 1963 881 2026 id
907 1965 1022 2028 nescio
1048 1984 1093 2026 an
1118 1963 1221 2026 aetati
1246 1962 1462 2044 potissimum
1488 1963 1621 2026 crimini
1642 1964 1687 2026 sit
1710 1971 1845 2028 verten-

263 2072 352 2148 dum,
376 2095 461 2155 quae
482 2073 611 2156 ingenii
632 2073 815 2137 luminibus
830 2075 942 2138 minus
964 2074 1096 2149 faverit,
1119 2095 1195 2138 cum
1209 2074 1247 2136 iu
1268 2073 1409 2136 summis
1422 2073 1567 2138 Maximi
1587 2073 1743 2138 laudibus
1764 2074 1846 2137 haec

263 2184 384 2248 saltem
405 2192 587 2259 remancat,
609 2185 698 2267 quod
718 2185 807 2248 inter
828 2186 965 2250 infimae
987 2187 1108 2250 aetatis
1130 2186 1310 2268 scriptores
1332 2205 1417 2267 puro
1432 2198 1532 2266 atque
1548 2185 1694 2268 eleganti
1715 2184 1846 2248 dicendi

263 2317 386 2378 genere
406 2319 489 2361 usus
511 2305 573 2374 est,
596 2298 775 2361 sententiis
797 2304 896 2380 aptus
919 2308 1018 2379 atque
1040 2305 1189 2374 ornatus,
1211 2295 1300 2358 idem
1314 2296 1350 2358 iu
1365 2296 1538 2377 particulis
1554 2295 1751 2360 adhibendis
1766 2317 1844 2360 cau-

262 2408 428 2484 tissimus,
462 2409 492 2472 si
519 2430 588 2472 non
614 2409 744 2490 ingenii
776 2421 925 2472 attamen
953 2410 1119 2473 sermonis
1146 2408 1257 2491 graeci
1284 2407 1422 2471 ultimus
1449 2420 1571 2470 custos
1624 2407 1709 2471 Eius
1740 2409 1844 2490 igitur

262 2518 414 2583 libellum
436 2522 503 2603 περὶ
527 2519 692 2588 συντάξεως
713 2519 864 2599 (Bachm
886 2520 1001 2586 anecd
1022 2520 1059 2583 Π
1082 2520 1160 2604 105)
1188 2520 1247 2600 qui
1273 2518 1382 2581 obiter
1409 2537 1485 2580 cum
1508 2517 1688 2600 Apollonio
1710 2538 1843 2600 compa-

260 2633 397 2707 raverit,
429 2632 562 2694 ctiamsi
594 2631 800 2694 mentionem
827 2631 926 2696 huius
953 2632 1063 2715 prima
1095 2630 1211 2694 statim
1237 2630 1350 2693 fronte
1383 2628 1517 2692 obviam
1544 2629 1666 2691 factam
1693 2637 1842 2710 praeter-

260 2743 400 2818 miserit,
433 2742 536 2805 talem
570 2741 826 2806 similitudinem
858 2744 949 2807 inter
974 2751 1154 2825 utrumque
1180 2740 1388 2806 intercedere
1416 2761 1484 2803 uon
1517 2740 1701 2822 negaverit,
1732 2739 1841 2820 qualis

258 2854 344 2917 solet
366 2873 441 2916 esse
463 2854 552 2916 inter
573 2862 744 2917 auctorem
766 2866 801 2917 et
821 2854 1038 2918 imitatorem:
1060 2875 1140 2917 nam
1162 2853 1259 2916 etde
1281 2851 1441 2916 orationis
1463 2850 1615 2933 partibus
1637 2850 1753 2914 eodem
1774 2871 1841 2932 quo

258 2963 316 3027 ille
343 2963 458 3028 ordine
485 2964 636 3047 procedit
665 2965 807 3028 llaximi
839 2965 1023 3048 disputatio
1055 2973 1091 3028 et
1120 2964 1241 3028 deinde
1269 2964 1423 3044 (119,11)
1457 2983 1497 3026 ea
1522 2963 1597 3045 ipsa
1627 2963 1841 3026 continuatur

258 3076 452 3157 quaestione
473 3075 516 3139 ab
539 3075 721 3158 Apollonio
743 3099 874 3160 quoque
896 3078 1052 3142 instituta
1074 3078 1140 3159 (18,
1163 3076 1231 3161 92),
1254 3097 1315 3140 cnr
1336 3076 1577 3156 interrogativa
1597 3073 1639 3137 ad
1660 3072 1743 3136 duas
1765 3083 1838 3136 tau-

260 3194 332 3250 tum
354 3187 515 3250 orationis
537 3196 651 3269 partes
673 3209 797 3252 nomeu
811 3197 870 3252 aut
886 3189 1025 3254 verbnm
1040 3188 1291 3271 pertineant⁵²).
1317 3185 1373 3248 Ad
1389 3185 1576 3248 hlaximum
1591 3206 1672 3250 uero
1687 3184 1839 3266 proxime

258 3298 386 3362 aceedit
408 3298 588 3362 Theodosii
613 3320 697 3381 quae
726 3309 865 3364 uocatur
890 3300 1107 3384 grammatica
1134 3298 1193 3362 sed
1224 3299 1272 3360 ita
1298 3308 1337 3360 nt
1363 3297 1471 3360 malae
1499 3298 1664 3380 epitomae
1698 3294 1839 3357 similior

258 3411 317 3472 sit:
340 3409 439 3473 huius
461 3409 539 3473 libri
561 3411 705 3486 initium,
727 3410 853 3492 quode
874 3429 972 3481 xxlv
998 3411 1187 3474 litterarum
1207 3408 1323 3473 ordine
1343 3409 1463 3490 agitur,
1487 3408 1593 3472 altera
1611 3409 1677 3490 περὶ
1694 3405 1839 3485 ὀνόματος

257 3520 491 3584 dissertatione
514 3522 689 3604 excipitur,
713 3543 798 3604 quae
820 3521 971 3586 Maximo
994 3522 1083 3585 huno
1104 3522 1141 3584 in
1162 3519 1298 3584 modum
1319 3519 1515 3602 respondet:

412 3633 501 3698 llax.
522 3632 618 3697 Plan
642 3633 713 3710 113,
736 3633 816 3696 7-19
836 3663 872 3687 =
893 3631 1055 3696 Theodos
1080 3631 1129 3706 18,
1152 3631 1232 3695 820

640 3745 712 3820 116,
732 3743 814 3808 9-23
854 3795 869 3820 „
974 3795 990 3820 „
1081 3743 1130 3819 18,
1151 3739 1285 3816 attat
1307 3764 1338 3806 v.
1360 3741 1402 3804 24
1424 3742 1514 3804 inest
1535 3739 1655 3803 lacuna

640 3855 712 3930 117,
734 3855 814 3918 916
851 3906 867 3932 „
973 3905 988 3930 „
1078 3854 1128 3929 19,
1149 3853 1284 3928 alala

640 3965 711 4041 118,
736 3965 935 4040 15·126,2ε
973 4016 989 4042 ,,
1078 3964 1128 4040 19,
1152 3963 1283 4038 15-‘275

358 4077 487 4157 Quodsi
510 4077 610 4139 tertio
633 4076 706 4141 loco
729 4078 894 4160 epitomae
921 4085 1056 4140 nostrae
1089 4083 1191 4158 caput
1216 4075 1359 4138 alterum
1387 4080 1525 4157 propter
1546 4076 1735 4158 argumenti
1757 4095 1833 4138 uer·

257 4185 440 4270 horumque
461 4187 718 4252 similitudinem
740 4190 853 4264 affero,
876 4188 1102 4270 quaerendum
1125 4197 1191 4261 est,
1213 4185 1399 4250 cuiusmodi
1420 4186 1669 4250 necessitudine
1689 4185 1755 4247 duo
1776 4185 1835 4248 illa

256 4299 381 4381 scripta
401 4337 444 4347 -
465 4321 545 4364 nam
566 4297 792 4362 Theodosium
819 4321 887 4363 nou
912 4301 1116 4385 numero}
1138 4298 1228 4362 iuter
1255 4319 1292 4362 se
1318 4298 1497 4362 coniuncta
1523 4300 1601 4362 sint.
1648 4297 1690 4358 Iu
1717 4317 1782 4376 quo
1805 4296 1835 4358 si

357 4618 390 4679 ⁵⁶)
408 4617 513 4668 Fabrie.
532 4613 656 4668 biblioth.
674 4613 716 4668 IV
728 4617 786 4680 429,
804 4617 847 4669 lx
866 4617 924 4682 68⁸2,
942 4618 993 4671 685
1011 4631 1068 4673 not.
1086 4638 1112 4688 g.
1131 4649 1162 4658 ·-
1180 4620 1338 4674 Bachmauu
1356 4619 1449 4672 anecd.
1461 4617 1561 4671 11429.
1580 4646 1612 4654 -
1631 4617 1753 4670 Eundem
1770 4632 1830 4671 esse

253 4698 400 4752 lluimum
419 4701 568 4752 Plauudem
585 4707 666 4767 atque
686 4702 837 4754 llauuelem
855 4703 1018 4755 Holobolurn
1043 4707 1217 4758 scholiastam
1239 4707 1381 4760 adnotavit
1399 4705 1602 4759 Valentinus
1621 4703 1705 4757 Rose
1728 4708 1757 4756 iu
1774 4706 1830 4756 edi-

252 4787 329 4838 tione
346 4789 596 4840 Anncreoutcorum
619 4786 739 4872 (Iripsiae
758 4789 836 4854 1868)
854 4806 915 4857 pag.
933 4789 1010 4843 xlv.
1050 4793 1083 4857 δῖ)
1105 4810 1174 4859 quae
1197 4795 1262 4844 item
1281 4792 1420 4844 inuenitur
1442 4792 1470 4841 in
1489 4789 1655 4843 Phrlemonis
1678 4802 1706 4842 et
1724 4791 1828 4843 Pharo

251 4871 306 4922 rini
323 4873 428 4924 lexicis.
