4240 5512
875 271 1197 346 -28-...

245 479 298 558 τῆς
319 476 428 539 ἑαυτοῦ
454 475 611 559 γενέσεως,
641 475 703 537 οἷον
730 476 809 549 παῖς,
839 474 914 536 οὕτω
943 475 976 538 δὲ
1003 475 1116 560 ἐκλήθη
1145 475 1232 556 (ὑπὸ)
1260 480 1317 538 τῶν
1345 480 1480 540 παλαιῶν
1509 477 1542 540 ἐκ
1569 479 1750 547 κοιλαίνσεως
1775 481 1826 542 καὶ

210 580 356 668 5Ευσμοῧ
375 587 445 656 τοὺς
465 587 575 654 τόπους
596 585 770 648 ποιούντων.
802 581 899 652 Τὺπος
921 583 977 668 γὰρ
1002 585 1017 646 ὁ
1040 583 1107 648 κατ’
1131 584 1254 667 εἰσοχήν
1278 586 1327 648 καὶ
1349 587 1457 669 ἐξοχὴν
1480 587 1638 671 γενόμενος
1659 591 1824 674 χαρακτήρ·

245 697 274 758 ἐν
298 696 354 780 γὰρ
377 697 471 765 λίθοις
492 695 633 780 πρότερον
657 695 701 757 τά’
717 699 774 756 τῶν
798 695 981 778 πραγμάτων
1004 693 1180 778 πρωτὸθετα
1203 694 1337 776 ὀνόματα
1359 697 1567 782 ἐνεχάραττον,
1592 697 1716 766 εἰκότως
1738 700 1770 761 δὲ
1792 701 1824 762 τὸ

244 807 386 892 πρότερον
409 807 494 870 τεθὲν
516 809 565 870 καὶ
588 805 776 889 ἐγχαραχθὲν
797 808 858 872 τοῖς
880 805 1048 888 πράγμασιν
1071 804 1168 887 ὄνομα
1189 805 1383 888 πρωτότοπον
1401 808 1528 890 λέγεται.
1559 807 1655 874 Τοῦτο
1674 810 1706 872 δὲ
1722 812 1823 894 διχῶς·

246 917 281 980 οὗ
303 921 357 1000 τῆς
378 917 520 1000 γενέσεως
543 918 629 980 οὐδὲν
652 915 862 1000 προκατήρξεν,
887 917 928 982 ὡς
950 915 984 976 τὸ
1007 919 1075 993 πᾶς,
1099 916 1149 977 καὶ
1173 915 1188 977 ὃ
1211 920 1361 1000 παρῆκται
1386 919 1436 998 μὲν
1462 917 1521 980 ἀπό
1544 941 1632 997 τινος,
1655 921 1768 1004 ἐγένετο
1792 921 1825 982 δὲ

245 1031 346 1115 ἐτέρου
369 1030 460 1113 ἀρχή·
483 1031 524 1097 ὡς
545 1034 593 1113 γῆ,
624 1027 679 1112 ἀφ’
702 1027 738 1110 ής
760 1027 870 1110 γήϊνος.
915 1023 976 1088 Καὶ
998 1030 1086 1088 τοῦτο
1110 1026 1142 1088 δὲ
1164 1027 1360 1110 παράγωγον,
1387 1029 1420 1089 τὸ
1445 1027 1503 1090 ἀπό
1527 1051 1605 1097 τινος
1626 1031 1823 1114 παρηγμένον·

190 1128 231 1191 10
248 1139 315 1202 ἀλλ’
339 1138 402 1222 εἴδη
428 1139 478 1222 μὲν
502 1138 703 1224 πρωτοτόπων
728 1136 844 1222 ἄπειρα·
868 1137 908 1200 ὧν
932 1135 984 1200 οὐκ
1007 1135 1084 1199 ἔστιν
1101 1137 1258 1221 ἐπιστήμη,
1282 1139 1469 1222 παραγώγων
1486 1139 1518 1202 δὲ
1541 1138 1605 1222 εἴδη
1621 1141 1706 1218 ἑπτά,
1732 1141 1751 1203 ἃ
1773 1141 1824 1203 καὶ

245 1251 403 1321 λελέξεται.
434 1249 516 1332 Διχή
531 1250 564 1312 δὲ
578 1253 630 1312 τοῦ
645 1247 743 1316 εἴδους
758 1249 920 1332 λεγομένου
943 1248 982 1310 τὸ
1008 1248 1068 1330 μὲν
1091 1247 1173 1332 περὶ
1196 1247 1316 1331 φωνὴν
1341 1245 1530 1332 ἐπιδιήρηται
1553 1246 1638 1318 αὖθις
1654 1251 1696 1319 εἰς
1709 1250 1824 1335 πρωτό-

245 1385 335 1425 τυπον
351 1363 402 1424 καὶ
416 1362 608 1446 παράγωγον,
631 1361 665 1422 τὸ
683 1361 715 1422 δὲ
731 1360 773 1428 εἰς
788 1359 863 1422 ἑπτὰ
888 1361 1058 1444 μεμέρισται
1075 1405 1082 1422 .
1099 1404 1106 1420 .
1124 1405 1131 1420 .
1148 1405 1155 1422 .
1171 1358 1209 1419 τὸ
1233 1357 1272 1419 δὲ
1286 1360 1367 1442 περὶ
1391 1362 1576 1442 σημασίαν
1594 1361 1637 1429 εἰς
1651 1361 1751 1445 κύριον
1774 1363 1825 1426 καὶ

245 1474 459 1558 προσηγορικὸν
484 1472 608 1556 διηρέθη
633 1471 707 1554 ἅπερ
731 1471 913 1553 ἀπογεννῶσι
940 1469 974 1532 τό
998 1492 1030 1531 τε
1052 1469 1198 1546 ἐπίθετον,
1226 1467 1300 1552 πρός
1321 1491 1349 1530 τι
1372 1468 1445 1553 ἔχον
1468 1472 1518 1534 καὶ
1541 1471 1578 1532 τὰ
1600 1469 1683 1554 ἑξῆς·
1707 1470 1770 1534 ἔστι
1793 1473 1825 1536 δὲ

245 1587 398 1668 γνώρισμα
420 1585 454 1646 ἐκ
476 1586 528 1646 τοῦ
552 1583 686 1666 ὁρισμοῦ.
726 1579 812 1644 Ἔστι
836 1581 873 1664 δὴ
896 1581 995 1664 κύριον
1020 1601 1046 1644 e.
1069 1601 1098 1662 q.
1122 1600 1147 1646 S.

76 1691 224 1780 elapsast*
347 1691 433 1758 Oum
455 1693 558 1776 igitur
580 1691 766 1776 Dionysius
789 1698 824 1756 et
844 1691 874 1756 is
897 1691 954 1774 qui
982 1691 1162 1774 epitomem
1191 1691 1333 1756 confecit
1360 1691 1396 1754 in
1423 1712 1461 1756 eo
1485 1692 1709 1770 consentiant,
1738 1691 1824 1775 quod

52 1777 229 1896 φῒήέζὲήῖτα
241 1803 322 1870 duas
350 1811 489 1887 uterque
516 1804 662 1869 rationes
691 1803 855 1886 agnoscit,
889 1801 1008 1884 quibus
1042 1807 1137 1866 tanta
1162 1801 1336 1867 nominum
1364 1803 1459 1885 copia
1485 1803 1527 1868 ad
1553 1810 1661 1868 certas
1688 1824 1822 1868 normas

243 1915 423 1998 redigenda
446 1915 503 1992 sit,
538 1915 678 1980 alteram
705 1913 745 1978 ab
773 1920 913 1978 externa
939 1913 1094 1978 vocabuli
1120 1913 1233 1978 indole
1267 1933 1305 1978 ac
1337 1919 1458 1978 natura
1484 1921 1625 1997 petitam
1653 1914 1760 1996 qualis
1787 1916 1824 1978 in

243 2025 535 2091 terminationibus
558 2033 592 2090 et
607 2025 772 2090 similibus
787 2025 960 2090 invenitur
983 2045 1121 2106 eamque
1136 2024 1213 2086 κατὰ
1229 2026 1333 2109 φωνην
1350 2024 1561 2107 appellatam,
1585 2025 1725 2090 alteram
1748 2025 1825 2088 κατὰ

243 2139 388 2223 σημασίαν
405 2159 448 2202 ex
459 2137 632 2202 nominum
645 2136 888 2220 significatione
904 2141 1081 2218 sumptam,
1097 2135 1133 2198 in
1148 2135 1211 2199 hoc
1227 2134 1395 2212 differunt,
1418 2134 1507 2216 quod
1524 2155 1598 2198 cnm
1614 2135 1650 2199 in
1666 2134 1825 2220 Dionysii

242 2249 459 2331 grammatica
473 2248 619 2331 primum
634 2247 674 2312 de
689 2245 882 2312 nominibus
897 2245 976 2309 κατὰ
991 2246 1094 2330 φωνὴν
1113 2244 1231 2310 deinde
1249 2246 1357 2328 spatio
1375 2245 1550 2310 interiecto
1570 2245 1610 2310 de
1628 2245 1734 2310 altera
1748 2245 1826 2310 κατὰ

243 2360 391 2442 σημασίαν
416 2359 501 2424 serie
522 2367 599 2442 post
622 2358 764 2443 σχήματα
781 2358 927 2442 ἀριθμοὺς
942 2359 1067 2425 πτώσεις
1089 2377 1209 2439 parum
1225 2364 1301 2440 apto
1316 2357 1389 2422 loco
1406 2364 1532 2440 agatur,
1556 2364 1671 2422 noster
1685 2377 1824 2440 prorsus

241 2470 376 2536 inverso
405 2469 521 2534 ordine
547 2470 664 2534 utitur.
713 2468 823 2549 Quam
845 2467 1088 2533 dissensionem
1114 2487 1156 2530 ne
1183 2467 1355 2532 fortuitam
1384 2489 1457 2533 esse
1491 2467 1652 2550 opineris,
1687 2465 1827 2552 impedit

244 2579 440 2658 similitudo,
476 2601 559 2662 quae
586 2581 622 2644 in
649 2577 865 2662 disponendis
893 2577 1044 2661 partibus
1070 2579 1159 2642 inter
1182 2578 1349 2644 Theodori
1373 2577 1484 2643 Gazae
1513 2579 1764 2662 grammaticam
1793 2586 1827 2642 et

243 2698 392 2756 nostram
414 2690 600 2756 intercedit.
645 2689 749 2756 Ouius
777 2688 910 2772 quidem
938 2687 1087 2754 condicio
1116 2710 1155 2752 ea
1181 2696 1233 2754 ost
1259 2697 1297 2754 ut
1324 2689 1439 2754 multis
1467 2688 1618 2772 partibus
1647 2679 1825 2755 dilucidam

242 2800 423 2883 imaginem
445 2806 674 2884 repraesentet
696 2793 865 2864 doctrinae
881 2799 1126 2882 grammaticae,
1149 2799 1256 2881 qualis
1274 2806 1353 2864 tunc
1372 2799 1482 2877 fuerit,
1507 2820 1582 2864 cum
1596 2799 1730 2865 litterae
1746 2808 1824 2882 post

242 2911 344 2976 medii
366 2911 441 2978 aevi
463 2911 618 2976 tenebras
641 2933 730 2977 nova
752 2910 893 2994 quadam
914 2911 988 2974 luce
1011 2909 1280 2992 effulgesoebant.
1313 2911 1347 2976 Is
1371 2911 1462 2974 enim
1485 2931 1560 2977 cum
1577 2910 1823 2988 Thessalonica,

242 3023 299 3087 ubi
321 3029 420 3088 natus
444 3030 527 3100 erat,
555 3043 643 3086 anno
671 3022 754 3086 1430
781 3021 942 3105 profugus
970 3021 1148 3088 admodum
1175 3020 1308 3087 iuvenis
1331 3020 1509 3086 Mantuam
1530 3022 1681 3087 venisset
1708 3021 1821 3104 ibique

243 3155 262 3197 a
286 3133 459 3198 Victorino
487 3133 656 3198 Feltrensi
682 3131 832 3215 linguam
858 3132 998 3197 latinam
1025 3131 1209 3208 didicisset,
1238 3152 1317 3195 mox
1345 3137 1473 3196 tantam
1501 3131 1672 3198 doctrinae
1700 3131 1825 3196 famam

244 3250 417 3308 assecutus
441 3250 500 3320 est,
524 3249 562 3307 ut
584 3250 618 3308 et
633 3243 760 3308 Romae
775 3242 983 3325 Neapolique
1004 3243 1193 3325 principum
1217 3242 1389 3306 hominum
1413 3240 1651 3307 consuetudine
1674 3248 1825 3308 uteretur

245 3360 279 3418 et
300 3353 474 3436 utriusque
496 3353 631 3436 linguae
652 3353 780 3436 peritus
803 3351 891 3416 haud
907 3352 1114 3436 spernendus
1130 3359 1244 3418 auctor
1258 3353 1447 3418 litterarum
1463 3352 1623 3430 extiterit,
1646 3373 1729 3434 quae
1752 3363 1824 3418 tum

244 3463 390 3547 primum
413 3484 456 3528 ox
478 3463 635 3528 diuturna
657 3463 824 3528 oblivione
848 3463 1088 3529 excitabantur.
1131 3464 1216 3530 Eius
1239 3465 1343 3548 igitur
1364 3465 1400 3528 in
1423 3462 1640 3546 grammatica
1661 3483 1691 3546 p.
1712 3461 1823 3546 52162)

245 3574 370 3658 duplici
391 3573 564 3638 nominum
587 3572 891 3638 distribuendorum
914 3572 1130 3640 fundamento
1159 3575 1258 3658 plane
1281 3596 1319 3640 ac
1347 3573 1470 3640 diserte
1494 3573 1675 3638 constituto
1697 3575 1824 3656 pariter

244 3692 343 3766 atque
364 3684 401 3748 in
424 3685 578 3767 epitoma,
607 3684 742 3767 propria
768 3684 972 3767 appellativa
1000 3684 1164 3752 adiectiva
1185 3687 1314 3768 reliqua
1340 3707 1423 3769 quae
1451 3683 1633 3750 secundum
1656 3684 1822 3768 significa-

245 3797 370 3860 tionem
393 3794 501 3859 divisa
523 3801 602 3859 sunt
623 3795 734 3878 priore
756 3794 829 3858 loco
853 3802 1101 3872 enumerantur,
1124 3797 1238 3879 eisque
1261 3819 1291 3880 p.
1308 3797 1370 3860 539
1392 3817 1434 3860 ss.
1459 3795 1596 3860 nomina
1617 3796 1695 3860 κατὰ
1716 3797 1820 3882 φωνην

245 3905 353 3970 divisa
376 3903 566 3970 succedunt.
611 3904 678 3970 Sed
701 3905 780 3988 quid
801 3905 883 3970 haec
906 3905 947 3970 ad
969 3906 1194 3990 Dionysium?
1237 3907 1317 3990 Ipso
1340 3907 1404 3972 hoc
1427 3907 1720 3989 grammaticarum
1742 3907 1821 3972 dua-

245 4039 320 4081 rum
343 4037 508 4082 consensu
531 4016 721 4080 confirmari
744 4036 862 4081 censeo
885 4017 952 4080 iam
968 4017 1166 4102 Byzantinis
1189 4017 1379 4083 hominibus
1403 4023 1597 4100 suspectum
1619 4019 1723 4084 fuisse
1746 4038 1823 4081 eum

246 4127 405 4206 ordinem,
430 4149 494 4210 quo
517 4127 594 4190 κατὰ
617 4128 765 4211 σημασίαν
789 4149 870 4210 quas
893 4129 1059 4194 vocabant
1081 4129 1209 4210 species
1231 4129 1345 4211 inepto
1369 4128 1441 4192 loco
1459 4127 1520 4194 sub
1535 4127 1737 4212 paragraphi
1760 4127 1823 4190 142·

244 4240 347 4302 finem
359 4245 435 4322 post
450 4241 576 4309 πτώσεις
592 4245 763 4304 secuntur:
780 4259 878 4320 quam
894 4239 1113 4322 suspitionem
1128 4238 1304 4304 immemor
1318 4239 1453 4304 illorum
1466 4235 1755 4318 Steinthal(p.607
1762 4239 1821 4323 ss.)

245 4369 353 4432 nuper
375 4349 560 4428 renovavit,
583 4349 698 4431 quiin
720 4349 824 4414 altera
846 4349 905 4413 illa
927 4348 1101 4428 divisione,
1125 4370 1224 4432 quam
1239 4359 1355 4432 postea
1377 4351 1613 4435 interpolatam
1629 4368 1702 4413 esse
1718 4355 1822 4431 putat,

244 4459 423 4523 manifesta
444 4459 682 4542 peripateticae
705 4459 844 4544 originis
867 4460 1010 4544 vestigia
1033 4459 1291 4544 deprehendisse
1316 4462 1380 4529 sibi
1402 4463 1496 4529 visus
1518 4467 1578 4526 est.

348 4636 371 4693 7.
390 4642 465 4690 τοῦτο
485 4639 511 4690 δὲ
530 4639 607 4709 διχῶς
626 4679 631 4692 .
650 4679 657 4694 .
676 4677 682 4692 .
701 4641 734 4693 cf.
752 4641 925 4710 Porphyrium
943 4635 1002 4705 847,
1020 4640 1054 4693 26
1072 4656 1107 4692 sa
1125 4669 1159 4678 -
1179 4642 1218 4694 10.
1238 4640 1328 4711 ἄπειρα
1347 4641 1379 4694 cf.
1397 4639 1455 4704 848,
1476 4634 1516 4691 17.

348 4725 380 4792 ⁶²)
404 4719 588 4795 Γραμματικής
607 4725 747 4794 εἰςαγιογῗης
764 4726 833 4779 libro
850 4725 909 4780 IV⁰
931 4725 1058 4778 editionis
1077 4725 1199 4780 Basileae
1218 4726 1351 4780 MDXLV
1371 4726 1526 4793 impressae.
1546 4723 1579 4778 cf.
1598 4741 1624 4793 p.
1638 4726 1677 4791 13,
1702 4727 1743 4792 29,
1763 4727 1820 4780 105.

244 4813 280 4867 K.
299 4813 330 4866 Ε.
348 4813 382 4867 A.
401 4811 524 4865 Schmidt
542 4827 567 4878 p.
581 4805 631 4863 237
648 4827 669 4862 s.
