<?xml version="1.0" encoding="UTF-8"?>
<!DOCTYPE html PUBLIC "-//W3C//DTD XHTML 1.0 Transitional//EN"
    "http://www.w3.org/TR/xhtml1/DTD/xhtml1-transitional.dtd">
<html xmlns="http://www.w3.org/1999/xhtml" xml:lang="en" lang="en">
 <head>
  <title>
</title>
<meta http-equiv="Content-Type" content="text/html;charset=utf-8" />
  <meta name='ocr-system' content='tesseract 3.04.00' />
  <meta name='ocr-capabilities' content='ocr_page ocr_carea ocr_par ocr_line ocrx_word'/>
</head>
<body>
  <div class='ocr_page' id='page_1' title='image "./dedionysiithrac00hartgoog_0011.png"; bbox 0 0 4240 5512; ppageno 0'>
   <div class='ocr_carea' id='block_1_1' title="bbox 171 523 1802 4718">
    <p class='ocr_par' dir='ltr' id='par_1_1' title="bbox 202 523 1781 746">
     <span class='ocr_line' id='line_1_1' title="bbox 202 523 1781 640; baseline 0.005 -26"><span class='ocrx_word' id='word_1_1' title='bbox 202 552 310 634; x_wconf 91' lang='lat' dir='ltr'><strong>primo</strong></span> <span class='ocrx_word' id='word_1_2' title='bbox 338 559 415 634; x_wconf 92' lang='lat' dir='ltr'><strong>post</strong></span> <span class='ocrx_word' id='word_1_3' title='bbox 443 548 614 614; x_wconf 74' lang='lat' dir='ltr'><strong>Christum</strong></span> <span class='ocrx_word' id='word_1_4' title='bbox 642 558 758 616; x_wconf 86' lang='lat' dir='ltr'><strong>natum</strong></span> <span class='ocrx_word' id='word_1_5' title='bbox 787 523 918 620; x_wconf 71' lang='lat' dir='ltr'><strong>saeculb</strong></span> <span class='ocrx_word' id='word_1_6' title='bbox 945 551 1010 616; x_wconf 89' lang='lat' dir='ltr'><strong>iam</strong></span> <span class='ocrx_word' id='word_1_7' title='bbox 1040 553 1194 619; x_wconf 73' lang='lat' dir='ltr'>extitisse</span> <span class='ocrx_word' id='word_1_8' title='bbox 1222 553 1412 620; x_wconf 88' lang='lat' dir='ltr'><strong>doctissimo</strong></span> <span class='ocrx_word' id='word_1_9' title='bbox 1445 557 1473 620; x_wconf 91' lang='lat' dir='ltr'><strong>si</strong></span> <span class='ocrx_word' id='word_1_10' title='bbox 1507 556 1585 640; x_wconf 89' lang='lat' dir='ltr'><strong>quid</strong></span> <span class='ocrx_word' id='word_1_11' title='bbox 1612 557 1709 623; x_wconf 81' lang='lat' dir='ltr'><strong>video</strong></span> <span class='ocrx_word' id='word_1_12' title='bbox 1743 579 1781 622; x_wconf 93' lang='lat' dir='ltr'><strong>ac</strong></span> 
     </span>
     <span class='ocr_line' id='line_1_2' title="bbox 202 660 1329 746; baseline 0.003 -22"><span class='ocrx_word' id='word_1_13' title='bbox 202 661 414 744; x_wconf 89' lang='lat' dir='ltr'><strong>sagacissime</strong></span> <span class='ocrx_word' id='word_1_14' title='bbox 439 660 628 744; x_wconf 75' lang='lat' dir='ltr'><strong>ostendit5).</strong></span> <span class='ocrx_word' id='word_1_15' title='bbox 1326 739 1329 746; x_wconf 94' lang='lat'><strong>.</strong></span> 
     </span>
    </p>

    <p class='ocr_par' dir='ltr' id='par_1_2' title="bbox 285 755 1780 861">
     <span class='ocr_line' id='line_1_3' title="bbox 285 755 1780 861; baseline 0.005 -26"><span class='ocrx_word' id='word_1_16' title='bbox 285 771 355 836; x_wconf 89' lang='lat' dir='ltr'><strong>Nec</strong></span> <span class='ocrx_word' id='word_1_17' title='bbox 378 793 457 836; x_wconf 90' lang='lat' dir='ltr'><strong>sane</strong></span> <span class='ocrx_word' id='word_1_18' title='bbox 478 770 600 836; x_wconf 81' lang='lat' dir='ltr'>desunt</span> <span class='ocrx_word' id='word_1_19' title='bbox 622 792 749 847; x_wconf 89' lang='lat' dir='ltr'><strong>causae,</strong></span> <span class='ocrx_word' id='word_1_20' title='bbox 774 770 893 854; x_wconf 87' lang='lat' dir='ltr'><strong>quibus</strong></span> <span class='ocrx_word' id='word_1_21' title='bbox 910 755 1069 837; x_wconf 86' lang='lat' dir='ltr'><strong>adductus</strong></span> <span class='ocrx_word' id='word_1_22' title='bbox 1093 779 1245 850; x_wconf 89' lang='lat' dir='ltr'><strong>aetatem,</strong></span> <span class='ocrx_word' id='word_1_23' title='bbox 1267 795 1332 857; x_wconf 90' lang='lat' dir='ltr'><strong>qua</strong></span> <span class='ocrx_word' id='word_1_24' title='bbox 1347 777 1453 858; x_wconf 81' lang='grc' dir='ltr'>τέχνην</span> <span class='ocrx_word' id='word_1_25' title='bbox 1469 778 1690 861; x_wconf 72' lang='lat' dir='ltr'><strong>conscriptam</strong></span> <span class='ocrx_word' id='word_1_26' title='bbox 1707 800 1780 842; x_wconf 88' lang='lat' dir='ltr'><strong>esse</strong></span> 
     </span>
    </p>

    <p class='ocr_par' dir='ltr' id='par_1_3' title="bbox 187 879 1783 3059">
     <span class='ocr_line' id='line_1_4' title="bbox 201 879 1780 971; baseline 0.004 -27"><span class='ocrx_word' id='word_1_27' title='bbox 201 880 402 946; x_wconf 88' lang='lat' dir='ltr'><strong>credendum</strong></span> <span class='ocrx_word' id='word_1_28' title='bbox 430 883 487 958; x_wconf 90' lang='lat' dir='ltr'><strong>sit,</strong></span> <span class='ocrx_word' id='word_1_29' title='bbox 512 881 709 946; x_wconf 77' lang='lat' dir='ltr'><strong>certioribus</strong></span> <span class='ocrx_word' id='word_1_30' title='bbox 731 881 855 947; x_wconf 89' lang='lat' dir='ltr'><strong>finibus</strong></span> <span class='ocrx_word' id='word_1_31' title='bbox 878 882 1144 948; x_wconf 82' lang='lat' dir='ltr'><strong>circumscribas:</strong></span> <span class='ocrx_word' id='word_1_32' title='bbox 1179 883 1363 966; x_wconf 73' lang='lat' dir='ltr'><strong>exquibus</strong></span> <span class='ocrx_word' id='word_1_33' title='bbox 1386 885 1543 970; x_wconf 88' lang='lat' dir='ltr'><strong>hocloco</strong></span> <span class='ocrx_word' id='word_1_34' title='bbox 1566 908 1622 951; x_wconf 88' lang='lat' dir='ltr'><strong>eas</strong></span> <span class='ocrx_word' id='word_1_35' title='bbox 1645 879 1780 971; x_wconf 87' lang='lat' dir='ltr'><strong>potissi-</strong></span> 
     </span>
     <span class='ocr_line' id='line_1_5' title="bbox 202 991 1781 1075; baseline 0.005 -21"><span class='ocrx_word' id='word_1_36' title='bbox 202 1011 294 1054; x_wconf 93' lang='lat' dir='ltr'><strong>mum</strong></span> <span class='ocrx_word' id='word_1_37' title='bbox 319 991 450 1074; x_wconf 85' lang='lat' dir='ltr'><strong>eligam,</strong></span> <span class='ocrx_word' id='word_1_38' title='bbox 474 1013 558 1075; x_wconf 90' lang='lat' dir='ltr'><strong>quae</strong></span> <span class='ocrx_word' id='word_1_39' title='bbox 581 1000 615 1056; x_wconf 93' lang='lat' dir='ltr'><strong>et</strong></span> <span class='ocrx_word' id='word_1_40' title='bbox 636 1012 697 1074; x_wconf 91' lang='lat' dir='ltr'><strong>per</strong></span> <span class='ocrx_word' id='word_1_41' title='bbox 720 1012 755 1056; x_wconf 90' lang='lat' dir='ltr'><strong>se</strong></span> <span class='ocrx_word' id='word_1_42' title='bbox 778 992 916 1057; x_wconf 87' lang='lat' dir='ltr'><strong>maximi</strong></span> <span class='ocrx_word' id='word_1_43' title='bbox 938 994 1099 1058; x_wconf 88' lang='lat' dir='ltr'><strong>momenti</strong></span> <span class='ocrx_word' id='word_1_44' title='bbox 1122 1001 1156 1058; x_wconf 91' lang='lat' dir='ltr'><strong>et</strong></span> <span class='ocrx_word' id='word_1_45' title='bbox 1178 1015 1254 1059; x_wconf 91' lang='lat' dir='ltr'><strong>cum</strong></span> <span class='ocrx_word' id='word_1_46' title='bbox 1276 993 1338 1058; x_wconf 90' lang='lat' dir='ltr'><strong>hac</strong></span> <span class='ocrx_word' id='word_1_47' title='bbox 1361 997 1641 1062; x_wconf 89' lang='lat' dir='ltr'><strong>commentatione</strong></span> <span class='ocrx_word' id='word_1_48' title='bbox 1665 999 1781 1063; x_wconf 87' lang='lat' dir='ltr'><strong>arctis-</strong></span> 
     </span>
     <span class='ocr_line' id='line_1_6' title="bbox 204 1099 616 1166; baseline 0.002 -3"><span class='ocrx_word' id='word_1_49' title='bbox 204 1099 287 1164; x_wconf 90' lang='lat' dir='ltr'><strong>sime</strong></span> <span class='ocrx_word' id='word_1_50' title='bbox 310 1107 388 1165; x_wconf 89' lang='lat' dir='ltr'><strong>sunt</strong></span> <span class='ocrx_word' id='word_1_51' title='bbox 411 1101 616 1166; x_wconf 89' lang='lat' dir='ltr'><strong>coniunctae.</strong></span> 
     </span>
     <span class='ocr_line' id='line_1_7' title="bbox 187 1210 1781 1298; baseline 0.004 -25"><span class='ocrx_word' id='word_1_52' title='bbox 187 1211 190 1219; x_wconf 86' lang='lat'>&#39;</span> <span class='ocrx_word' id='word_1_53' title='bbox 288 1210 339 1275; x_wconf 87' lang='lat' dir='ltr'><strong>Ac</strong></span> <span class='ocrx_word' id='word_1_54' title='bbox 361 1211 505 1294; x_wconf 89' lang='lat' dir='ltr'><strong>primum</strong></span> <span class='ocrx_word' id='word_1_55' title='bbox 530 1211 663 1294; x_wconf 89' lang='lat' dir='ltr'><strong>quidem</strong></span> <span class='ocrx_word' id='word_1_56' title='bbox 686 1218 762 1276; x_wconf 87' lang='lat' dir='ltr'><strong>ante</strong></span> <span class='ocrx_word' id='word_1_57' title='bbox 786 1212 970 1277; x_wconf 88' lang='lat' dir='ltr'><strong>Herodiani</strong></span> <span class='ocrx_word' id='word_1_58' title='bbox 993 1219 1146 1289; x_wconf 86' lang='lat' dir='ltr'><strong>aetatem,</strong></span> <span class='ocrx_word' id='word_1_59' title='bbox 1170 1215 1226 1298; x_wconf 91' lang='lat' dir='ltr'><strong>qui</strong></span> <span class='ocrx_word' id='word_1_60' title='bbox 1249 1214 1354 1278; x_wconf 89' lang='lat' dir='ltr'><strong>altero</strong></span> <span class='ocrx_word' id='word_1_61' title='bbox 1377 1221 1455 1298; x_wconf 88' lang='lat' dir='ltr'><strong>post</strong></span> <span class='ocrx_word' id='word_1_62' title='bbox 1471 1214 1643 1281; x_wconf 84' lang='lat' dir='ltr'><strong>Ohristum</strong></span> <span class='ocrx_word' id='word_1_63' title='bbox 1666 1225 1781 1282; x_wconf 92' lang='lat' dir='ltr'><strong>natum</strong></span> 
     </span>
     <span class='ocr_line' id='line_1_8' title="bbox 203 1321 1781 1406; baseline 0.005 -23"><span class='ocrx_word' id='word_1_64' title='bbox 203 1321 333 1385; x_wconf 89' lang='lat' dir='ltr'><strong>saeculo</strong></span> <span class='ocrx_word' id='word_1_65' title='bbox 350 1321 445 1396; x_wconf 84' lang='lat' dir='ltr'><strong>vixit,</strong></span> <span class='ocrx_word' id='word_1_66' title='bbox 469 1321 570 1385; x_wconf 88' lang='lat' dir='ltr'><strong>talem</strong></span> <span class='ocrx_word' id='word_1_67' title='bbox 592 1321 699 1403; x_wconf 91' lang='lat' dir='ltr'><strong>qualis</strong></span> <span class='ocrx_word' id='word_1_68' title='bbox 722 1343 810 1386; x_wconf 91' lang='lat' dir='ltr'><strong>nnnc</strong></span> <span class='ocrx_word' id='word_1_69' title='bbox 831 1329 883 1386; x_wconf 91' lang='lat' dir='ltr'><strong>est</strong></span> <span class='ocrx_word' id='word_1_70' title='bbox 910 1323 1161 1406; x_wconf 88' lang='lat' dir='ltr'><strong>grammaticam</strong></span> <span class='ocrx_word' id='word_1_71' title='bbox 1183 1324 1286 1388; x_wconf 86' lang='lat' dir='ltr'><strong>fuisse</strong></span> <span class='ocrx_word' id='word_1_72' title='bbox 1305 1325 1382 1388; x_wconf 91' lang='lat' dir='ltr'><strong>inde</strong></span> <span class='ocrx_word' id='word_1_73' title='bbox 1404 1325 1606 1390; x_wconf 89' lang='lat' dir='ltr'><strong>hauddubie</strong></span> <span class='ocrx_word' id='word_1_74' title='bbox 1630 1329 1781 1392; x_wconf 82' lang='lat' dir='ltr'><strong>conicere</strong></span> 
     </span>
     <span class='ocr_line' id='line_1_9' title="bbox 200 1430 1780 1515; baseline 0.005 -22"><span class='ocrx_word' id='word_1_75' title='bbox 200 1431 291 1504; x_wconf 89' lang='lat' dir='ltr'><strong>licet,</strong></span> <span class='ocrx_word' id='word_1_76' title='bbox 321 1431 408 1513; x_wconf 91' lang='lat' dir='ltr'><strong>quod</strong></span> <span class='ocrx_word' id='word_1_77' title='bbox 436 1431 598 1514; x_wconf 76' lang='lat' dir='ltr'><strong>singulari</strong></span> <span class='ocrx_word' id='word_1_78' title='bbox 626 1430 801 1514; x_wconf 83' lang='lat' dir='ltr'><strong>prosodiae</strong></span> <span class='ocrx_word' id='word_1_79' title='bbox 830 1432 981 1497; x_wconf 89' lang='lat' dir='ltr'><strong>doctrina</strong></span> <span class='ocrx_word' id='word_1_80' title='bbox 1008 1439 1112 1497; x_wconf 89' lang='lat' dir='ltr'><strong>caret:</strong></span> <span class='ocrx_word' id='word_1_81' title='bbox 1145 1433 1182 1496; x_wconf 91' lang='lat' dir='ltr'><strong>in</strong></span> <span class='ocrx_word' id='word_1_82' title='bbox 1205 1454 1270 1515; x_wconf 89' lang='lat' dir='ltr'><strong>qua</strong></span> <span class='ocrx_word' id='word_1_83' title='bbox 1292 1455 1367 1498; x_wconf 93' lang='lat' dir='ltr'><strong>cum</strong></span> <span class='ocrx_word' id='word_1_84' title='bbox 1394 1435 1461 1498; x_wconf 91' lang='lat' dir='ltr'><strong>iam</strong></span> <span class='ocrx_word' id='word_1_85' title='bbox 1483 1434 1560 1500; x_wconf 90' lang='lat' dir='ltr'><strong>inde</strong></span> <span class='ocrx_word' id='word_1_86' title='bbox 1584 1435 1625 1500; x_wconf 91' lang='lat' dir='ltr'><strong>ab</strong></span> <span class='ocrx_word' id='word_1_87' title='bbox 1648 1438 1780 1501; x_wconf 88' lang='lat' dir='ltr'><strong>Aristo-</strong></span> 
     </span>
     <span class='ocr_line' id='line_1_10' title="bbox 201 1541 1778 1626; baseline 0.004 -22"><span class='ocrx_word' id='word_1_88' title='bbox 201 1541 277 1605; x_wconf 88' lang='lat' dir='ltr'><strong>telis</strong></span> <span class='ocrx_word' id='word_1_89' title='bbox 300 1548 417 1616; x_wconf 85' lang='lat' dir='ltr'><strong>aetate,</strong></span> <span class='ocrx_word' id='word_1_90' title='bbox 442 1544 534 1606; x_wconf 88' lang='lat' dir='ltr'><strong>cuius</strong></span> <span class='ocrx_word' id='word_1_91' title='bbox 557 1543 593 1605; x_wconf 90' lang='lat' dir='ltr'><strong>in</strong></span> <span class='ocrx_word' id='word_1_92' title='bbox 616 1543 746 1624; x_wconf 88' lang='lat' dir='ltr'><strong>poetica</strong></span> <span class='ocrx_word' id='word_1_93' title='bbox 760 1565 790 1625; x_wconf 92' lang='lat' dir='ltr'><strong>p.</strong></span> <span class='ocrx_word' id='word_1_94' title='bbox 809 1544 913 1617; x_wconf 67' lang='lat' dir='ltr'><strong>Hohl,</strong></span> <span class='ocrx_word' id='word_1_95' title='bbox 937 1543 979 1606; x_wconf 90' lang='grc'><strong>30</strong></span> <span class='ocrx_word' id='word_1_96' title='bbox 1002 1564 1044 1606; x_wconf 88' lang='lat' dir='ltr'><strong>ss.</strong></span> <span class='ocrx_word' id='word_1_97' title='bbox 1068 1543 1141 1626; x_wconf 89' lang='lat' dir='ltr'><strong>ipsa</strong></span> <span class='ocrx_word' id='word_1_98' title='bbox 1163 1544 1376 1625; x_wconf 85' lang='lat' dir='ltr'><strong>prosodiacae</strong></span> <span class='ocrx_word' id='word_1_99' title='bbox 1400 1545 1481 1608; x_wconf 90' lang='lat' dir='ltr'><strong>artis</strong></span> <span class='ocrx_word' id='word_1_100' title='bbox 1505 1545 1704 1610; x_wconf 85' lang='lat' dir='ltr'><strong>incunabula</strong></span> <span class='ocrx_word' id='word_1_101' title='bbox 1727 1568 1778 1610; x_wconf 89' lang='lat' dir='ltr'><strong>re-</strong></span> 
     </span>
     <span class='ocr_line' id='line_1_11' title="bbox 199 1652 1781 1738; baseline 0.003 -23"><span class='ocrx_word' id='word_1_102' title='bbox 199 1653 318 1733; x_wconf 84' lang='lat' dir='ltr'><strong>perias,</strong></span> <span class='ocrx_word' id='word_1_103' title='bbox 343 1653 440 1716; x_wconf 88' lang='lat' dir='ltr'><strong>multi</strong></span> <span class='ocrx_word' id='word_1_104' title='bbox 464 1652 573 1716; x_wconf 87' lang='lat' dir='ltr'><strong>studia</strong></span> <span class='ocrx_word' id='word_1_105' title='bbox 593 1652 840 1728; x_wconf 84' lang='lat' dir='ltr'><strong>collocaverint,</strong></span> <span class='ocrx_word' id='word_1_106' title='bbox 865 1661 976 1716; x_wconf 87' lang='lat' dir='ltr'><strong>tamen</strong></span> <span class='ocrx_word' id='word_1_107' title='bbox 993 1675 1090 1718; x_wconf 90' lang='lat' dir='ltr'><strong>nomo</strong></span> <span class='ocrx_word' id='word_1_108' title='bbox 1108 1659 1159 1716; x_wconf 86' lang='lat' dir='ltr'><strong>est</strong></span> <span class='ocrx_word' id='word_1_109' title='bbox 1175 1655 1254 1735; x_wconf 88' lang='lat' dir='ltr'><strong>quin</strong></span> <span class='ocrx_word' id='word_1_110' title='bbox 1277 1655 1402 1736; x_wconf 84' lang='lat' dir='ltr'><strong>primas</strong></span> <span class='ocrx_word' id='word_1_111' title='bbox 1425 1654 1460 1716; x_wconf 90' lang='lat' dir='ltr'><strong>in</strong></span> <span class='ocrx_word' id='word_1_112' title='bbox 1484 1676 1523 1718; x_wconf 88' lang='lat' dir='ltr'><strong>ea</strong></span> <span class='ocrx_word' id='word_1_113' title='bbox 1545 1663 1656 1738; x_wconf 86' lang='lat' dir='ltr'><strong>partes</strong></span> <span class='ocrx_word' id='word_1_114' title='bbox 1672 1656 1781 1720; x_wconf 87' lang='lat' dir='ltr'><strong>Hero-</strong></span> 
     </span>
     <span class='ocr_line' id='line_1_12' title="bbox 199 1760 1780 1849; baseline 0.004 -25"><span class='ocrx_word' id='word_1_115' title='bbox 199 1760 296 1824; x_wconf 84' lang='lat' dir='ltr'><strong>diano</strong></span> <span class='ocrx_word' id='word_1_116' title='bbox 325 1760 465 1838; x_wconf 83' lang='lat' dir='ltr'><strong>dcferat3</strong></span> <span class='ocrx_word' id='word_1_117' title='bbox 499 1763 529 1825; x_wconf 92' lang='lat' dir='ltr'><strong>is</strong></span> <span class='ocrx_word' id='word_1_118' title='bbox 559 1763 648 1826; x_wconf 90' lang='lat' dir='ltr'><strong>enim</strong></span> <span class='ocrx_word' id='word_1_119' title='bbox 677 1763 847 1846; x_wconf 90' lang='lat' dir='ltr'><strong>praeclaro</strong></span> <span class='ocrx_word' id='word_1_120' title='bbox 875 1785 973 1844; x_wconf 92' lang='lat' dir='ltr'><strong>quem</strong></span> <span class='ocrx_word' id='word_1_121' title='bbox 1000 1765 1066 1846; x_wconf 85' lang='grc' dir='ltr'>περὶ</span> <span class='ocrx_word' id='word_1_122' title='bbox 1094 1763 1258 1846; x_wconf 78' lang='grc' dir='ltr'>καδολικῆς</span> <span class='ocrx_word' id='word_1_123' title='bbox 1280 1766 1450 1849; x_wconf 80' lang='grc' dir='ltr'>προσῳδίας</span> <span class='ocrx_word' id='word_1_124' title='bbox 1473 1767 1660 1848; x_wconf 89' lang='lat' dir='ltr'><strong>composuit</strong></span> <span class='ocrx_word' id='word_1_125' title='bbox 1686 1767 1780 1843; x_wconf 89' lang='lat' dir='ltr'><strong>libro,</strong></span> 
     </span>
     <span class='ocr_line' id='line_1_13' title="bbox 201 1861 1782 1959; baseline 0.004 -25"><span class='ocrx_word' id='word_1_126' title='bbox 201 1892 265 1952; x_wconf 93' lang='lat' dir='ltr'><strong>quo</strong></span> <span class='ocrx_word' id='word_1_127' title='bbox 288 1872 484 1936; x_wconf 88' lang='lat' dir='ltr'><strong>universum</strong></span> <span class='ocrx_word' id='word_1_128' title='bbox 507 1872 578 1936; x_wconf 91' lang='lat' dir='ltr'><strong>eius</strong></span> <span class='ocrx_word' id='word_1_129' title='bbox 602 1873 798 1956; x_wconf 87' lang='lat' dir='ltr'><strong>disciplinae</strong></span> <span class='ocrx_word' id='word_1_130' title='bbox 822 1873 985 1938; x_wconf 90' lang='lat' dir='ltr'><strong>ambitum</strong></span> <span class='ocrx_word' id='word_1_131' title='bbox 1007 1871 1195 1938; x_wconf 87' lang='lat' dir='ltr'><strong>admirabili</strong></span> <span class='ocrx_word' id='word_1_132' title='bbox 1220 1861 1349 1958; x_wconf 82' lang='lat' dir='ltr'><strong>ingenii</strong></span> <span class='ocrx_word' id='word_1_133' title='bbox 1372 1876 1523 1939; x_wconf 90' lang='lat' dir='ltr'><strong>acumine</strong></span> <span class='ocrx_word' id='word_1_134' title='bbox 1546 1875 1782 1959; x_wconf 87' lang='lat' dir='ltr'><strong>doctrinaeque</strong></span> 
     </span>
     <span class='ocr_line' id='line_1_14' title="bbox 200 1980 1782 2070; baseline 0.004 -26"><span class='ocrx_word' id='word_1_135' title='bbox 200 1982 295 2063; x_wconf 88' lang='lat' dir='ltr'><strong>copia</strong></span> <span class='ocrx_word' id='word_1_136' title='bbox 317 1980 489 2046; x_wconf 91' lang='lat' dir='ltr'><strong>dimensus</strong></span> <span class='ocrx_word' id='word_1_137' title='bbox 513 1990 573 2058; x_wconf 88' lang='lat' dir='ltr'><strong>est,</strong></span> <span class='ocrx_word' id='word_1_138' title='bbox 597 1989 726 2046; x_wconf 88' lang='lat' dir='ltr'><strong>tantam</strong></span> <span class='ocrx_word' id='word_1_139' title='bbox 750 1991 922 2048; x_wconf 88' lang='lat' dir='ltr'><strong>assecutus</strong></span> <span class='ocrx_word' id='word_1_140' title='bbox 946 1990 998 2048; x_wconf 89' lang='grc' dir='ltr'><strong>θεῖ</strong></span> <span class='ocrx_word' id='word_1_141' title='bbox 1020 1985 1263 2062; x_wconf 87' lang='lat' dir='ltr'><strong>auctoritatem,</strong></span> <span class='ocrx_word' id='word_1_142' title='bbox 1287 1991 1325 2050; x_wconf 89' lang='lat' dir='ltr'><strong>ut</strong></span> <span class='ocrx_word' id='word_1_143' title='bbox 1340 1987 1489 2050; x_wconf 91' lang='lat' dir='ltr'><strong>omnium</strong></span> <span class='ocrx_word' id='word_1_144' title='bbox 1506 2007 1671 2052; x_wconf 89' lang='lat' dir='ltr'><strong>consensu</strong></span> <span class='ocrx_word' id='word_1_145' title='bbox 1687 1988 1782 2070; x_wconf 87' lang='lat' dir='ltr'><strong>quasi</strong></span> 
     </span>
     <span class='ocr_line' id='line_1_15' title="bbox 199 2092 1781 2185; baseline 0.004 -30"><span class='ocrx_word' id='word_1_146' title='bbox 199 2100 294 2173; x_wconf 85' lang='lat' dir='ltr'><strong>pater</strong></span> <span class='ocrx_word' id='word_1_147' title='bbox 316 2092 388 2156; x_wconf 92' lang='lat' dir='ltr'><strong>eius</strong></span> <span class='ocrx_word' id='word_1_148' title='bbox 411 2098 510 2174; x_wconf 89' lang='lat' dir='ltr'><strong>atque</strong></span> <span class='ocrx_word' id='word_1_149' title='bbox 534 2093 683 2158; x_wconf 87' lang='lat' dir='ltr'><strong>conditor</strong></span> <span class='ocrx_word' id='word_1_150' title='bbox 705 2093 961 2176; x_wconf 86' lang='lat' dir='ltr'><strong>praedicaretur.</strong></span> <span class='ocrx_word' id='word_1_151' title='bbox 1007 2093 1136 2176; x_wconf 75' lang='lat' dir='ltr'><strong>Quodsi</strong></span> <span class='ocrx_word' id='word_1_152' title='bbox 1158 2117 1197 2159; x_wconf 91' lang='lat' dir='ltr'><strong>ea</strong></span> <span class='ocrx_word' id='word_1_153' title='bbox 1219 2097 1455 2185; x_wconf 80' lang='lat' dir='ltr'><strong>grammaticae</strong></span> <span class='ocrx_word' id='word_1_154' title='bbox 1483 2117 1560 2179; x_wconf 89' lang='lat' dir='ltr'><strong>pars</strong></span> <span class='ocrx_word' id='word_1_155' title='bbox 1584 2120 1603 2161; x_wconf 89' lang='lat' dir='ltr'><strong>a</strong></span> <span class='ocrx_word' id='word_1_156' title='bbox 1625 2097 1781 2182; x_wconf 84' lang='lat' dir='ltr'><strong>Dionysii</strong></span> 
     </span>
     <span class='ocr_line' id='line_1_16' title="bbox 198 2201 1779 2292; baseline 0.006 -28"><span class='ocrx_word' id='word_1_157' title='bbox 198 2201 312 2266; x_wconf 90' lang='lat' dir='ltr'><strong>libello</strong></span> <span class='ocrx_word' id='word_1_158' title='bbox 337 2203 445 2278; x_wconf 80' lang='lat' dir='ltr'><strong>abest,</strong></span> <span class='ocrx_word' id='word_1_159' title='bbox 475 2203 509 2266; x_wconf 92' lang='lat' dir='ltr'><strong>id</strong></span> <span class='ocrx_word' id='word_1_160' title='bbox 536 2215 594 2268; x_wconf 87' lang='lat' dir='ltr'><strong>aut</strong></span> <span class='ocrx_word' id='word_1_161' title='bbox 621 2205 774 2270; x_wconf 87' lang='lat' dir='ltr'><strong>consulto</strong></span> <span class='ocrx_word' id='word_1_162' title='bbox 797 2204 978 2289; x_wconf 79' lang='lat' dir='ltr'><strong>Byzantini</strong></span> <span class='ocrx_word' id='word_1_163' title='bbox 1005 2205 1150 2270; x_wconf 88' lang='lat' dir='ltr'><strong>auctoris</strong></span> <span class='ocrx_word' id='word_1_164' title='bbox 1178 2228 1279 2290; x_wconf 89' lang='lat' dir='ltr'><strong>opera</strong></span> <span class='ocrx_word' id='word_1_165' title='bbox 1306 2208 1430 2272; x_wconf 86' lang='lat' dir='ltr'><strong>factum</strong></span> <span class='ocrx_word' id='word_1_166' title='bbox 1459 2229 1534 2272; x_wconf 90' lang='lat' dir='ltr'><strong>esse</strong></span> <span class='ocrx_word' id='word_1_167' title='bbox 1561 2217 1686 2292; x_wconf 85' lang='lat' dir='ltr'><strong>potest,</strong></span> <span class='ocrx_word' id='word_1_168' title='bbox 1716 2231 1779 2292; x_wconf 91' lang='lat' dir='ltr'><strong>qno</strong></span> 
     </span>
     <span class='ocr_line' id='line_1_17' title="bbox 200 2312 1782 2396; baseline 0.004 -20"><span class='ocrx_word' id='word_1_169' title='bbox 200 2312 410 2395; x_wconf 86' lang='lat' dir='ltr'><strong>antiquitatis</strong></span> <span class='ocrx_word' id='word_1_170' title='bbox 440 2313 585 2396; x_wconf 87' lang='lat' dir='ltr'><strong>speciem</strong></span> <span class='ocrx_word' id='word_1_171' title='bbox 617 2317 788 2380; x_wconf 85' lang='lat' dir='ltr'><strong>affectaret</strong></span> <span class='ocrx_word' id='word_1_172' title='bbox 817 2355 855 2363; x_wconf 98' lang='lat'><em>-</em></span> <span class='ocrx_word' id='word_1_173' title='bbox 885 2337 946 2380; x_wconf 91' lang='lat' dir='ltr'><strong>nec</strong></span> <span class='ocrx_word' id='word_1_174' title='bbox 972 2323 1095 2391; x_wconf 50' lang='lat' dir='ltr'><strong>tamen¹</strong></span> <span class='ocrx_word' id='word_1_175' title='bbox 1115 2317 1231 2382; x_wconf 89' lang='lat' dir='ltr'><strong>talium</strong></span> <span class='ocrx_word' id='word_1_176' title='bbox 1261 2317 1537 2384; x_wconf 89' lang='lat' dir='ltr'><strong>homunculorum</strong></span> <span class='ocrx_word' id='word_1_177' title='bbox 1565 2331 1628 2396; x_wconf 88' lang='lat' dir='ltr'><strong>est,</strong></span> <span class='ocrx_word' id='word_1_178' title='bbox 1669 2341 1782 2384; x_wconf 92' lang='lat' dir='ltr'><strong>earnm</strong></span> 
     </span>
     <span class='ocr_line' id='line_1_18' title="bbox 199 2425 1781 2512; baseline 0.005 -26"><span class='ocrx_word' id='word_1_179' title='bbox 199 2444 311 2487; x_wconf 89' lang='lat' dir='ltr'><strong>rerum</strong></span> <span class='ocrx_word' id='word_1_180' title='bbox 334 2445 416 2505; x_wconf 88' lang='lat' dir='ltr'><strong>quas</strong></span> <span class='ocrx_word' id='word_1_181' title='bbox 440 2431 626 2507; x_wconf 87' lang='lat' dir='ltr'><strong>compertas</strong></span> <span class='ocrx_word' id='word_1_182' title='bbox 654 2425 799 2490; x_wconf 89' lang='lat' dir='ltr'><strong>habeant</strong></span> <span class='ocrx_word' id='word_1_183' title='bbox 826 2426 994 2491; x_wconf 88' lang='lat' dir='ltr'><strong>inscitiam</strong></span> <span class='ocrx_word' id='word_1_184' title='bbox 1023 2427 1180 2492; x_wconf 87' lang='lat' dir='ltr'><strong>simulare</strong></span> <span class='ocrx_word' id='word_1_185' title='bbox 1204 2467 1243 2474; x_wconf 90' lang='lat'>—</span> <span class='ocrx_word' id='word_1_186' title='bbox 1268 2435 1326 2493; x_wconf 87' lang='lat' dir='ltr'><strong>aut</strong></span> <span class='ocrx_word' id='word_1_187' title='bbox 1354 2431 1507 2494; x_wconf 84' lang='lat' dir='ltr'><strong>fortunae</strong></span> <span class='ocrx_word' id='word_1_188' title='bbox 1530 2430 1699 2512; x_wconf 89' lang='lat' dir='ltr'><strong>iniquitati</strong></span> <span class='ocrx_word' id='word_1_189' title='bbox 1722 2432 1781 2494; x_wconf 91' lang='lat' dir='ltr'><strong>tri-</strong></span> 
     </span>
     <span class='ocr_line' id='line_1_19' title="bbox 199 2533 1783 2624; baseline 0.004 -28"><span class='ocrx_word' id='word_1_190' title='bbox 199 2533 368 2598; x_wconf 85' lang='lat' dir='ltr'><strong>buendum</strong></span> <span class='ocrx_word' id='word_1_191' title='bbox 391 2543 451 2610; x_wconf 90' lang='lat' dir='ltr'><strong>cst,</strong></span> <span class='ocrx_word' id='word_1_192' title='bbox 476 2556 540 2618; x_wconf 92' lang='lat' dir='ltr'><strong>qua</strong></span> <span class='ocrx_word' id='word_1_193' title='bbox 563 2556 602 2599; x_wconf 91' lang='lat' dir='ltr'><strong>ea</strong></span> <span class='ocrx_word' id='word_1_194' title='bbox 623 2535 730 2600; x_wconf 88' lang='lat' dir='ltr'><strong>libelli</strong></span> <span class='ocrx_word' id='word_1_195' title='bbox 752 2557 830 2618; x_wconf 90' lang='lat' dir='ltr'><strong>pars</strong></span> <span class='ocrx_word' id='word_1_196' title='bbox 853 2537 1040 2620; x_wconf 87' lang='lat' dir='ltr'><strong>deperierit.</strong></span> <span class='ocrx_word' id='word_1_197' title='bbox 1084 2537 1159 2602; x_wconf 90' lang='lat' dir='ltr'><strong>Hoc</strong></span> <span class='ocrx_word' id='word_1_198' title='bbox 1181 2560 1224 2603; x_wconf 89' lang='lat' dir='ltr'><strong>nc</strong></span> <span class='ocrx_word' id='word_1_199' title='bbox 1248 2546 1443 2618; x_wconf 87' lang='lat' dir='ltr'><strong>statuamus,</strong></span> <span class='ocrx_word' id='word_1_200' title='bbox 1466 2553 1580 2604; x_wconf 86' lang='lat' dir='ltr'><strong>vetere</strong></span> <span class='ocrx_word' id='word_1_201' title='bbox 1601 2540 1783 2624; x_wconf 85' lang='lat' dir='ltr'><strong>Porphyrii</strong></span> 
     </span>
     <span class='ocr_line' id='line_1_20' title="bbox 199 2644 1782 2734; baseline 0.005 -28"><span class='ocrx_word' id='word_1_202' title='bbox 199 2645 393 2708; x_wconf 89' lang='lat' dir='ltr'><strong>testimonio</strong></span> <span class='ocrx_word' id='word_1_203' title='bbox 416 2644 641 2727; x_wconf 89' lang='lat' dir='ltr'><strong>prohibemur,</strong></span> <span class='ocrx_word' id='word_1_204' title='bbox 665 2667 729 2727; x_wconf 89' lang='lat' dir='ltr'><strong>quo</strong></span> <span class='ocrx_word' id='word_1_205' title='bbox 752 2647 1004 2728; x_wconf 82' lang='lat' dir='ltr'><strong>grammaticam</strong></span> <span class='ocrx_word' id='word_1_206' title='bbox 1027 2648 1212 2731; x_wconf 88' lang='lat' dir='ltr'><strong>antiquitus</strong></span> <span class='ocrx_word' id='word_1_207' title='bbox 1233 2670 1302 2713; x_wconf 92' lang='lat' dir='ltr'><strong>non</strong></span> <span class='ocrx_word' id='word_1_208' title='bbox 1324 2648 1514 2734; x_wconf 89' lang='lat' dir='ltr'><strong>aprosodia</strong></span> <span class='ocrx_word' id='word_1_209' title='bbox 1537 2649 1595 2714; x_wconf 87' lang='lat' dir='ltr'><strong>scd</strong></span> <span class='ocrx_word' id='word_1_210' title='bbox 1613 2651 1654 2715; x_wconf 90' lang='lat' dir='ltr'><strong>ab</strong></span> <span class='ocrx_word' id='word_1_211' title='bbox 1676 2651 1782 2734; x_wconf 89' lang='lat' dir='ltr'><strong>ipsius</strong></span> 
     </span>
     <span class='ocr_line' id='line_1_21' title="bbox 199 2753 1782 2841; baseline 0.004 -24"><span class='ocrx_word' id='word_1_212' title='bbox 199 2753 281 2818; x_wconf 89' lang='lat' dir='ltr'><strong>artis</strong></span> <span class='ocrx_word' id='word_1_213' title='bbox 304 2755 498 2818; x_wconf 88' lang='lat' dir='ltr'><strong>definitione</strong></span> <span class='ocrx_word' id='word_1_214' title='bbox 520 2755 807 2838; x_wconf 86' lang='lat' dir='ltr'><strong>initiumcepisse</strong></span> <span class='ocrx_word' id='word_1_215' title='bbox 831 2757 954 2822; x_wconf 87' lang='lat' dir='ltr'><strong>diserte</strong></span> <span class='ocrx_word' id='word_1_216' title='bbox 971 2757 1140 2823; x_wconf 86' lang='lat' dir='ltr'><strong>docemur:</strong></span> <span class='ocrx_word' id='word_1_217' title='bbox 1165 2760 1251 2841; x_wconf 89' lang='lat' dir='ltr'><strong>quod</strong></span> <span class='ocrx_word' id='word_1_218' title='bbox 1274 2781 1341 2824; x_wconf 90' lang='lat' dir='ltr'><strong>una</strong></span> <span class='ocrx_word' id='word_1_219' title='bbox 1364 2781 1439 2825; x_wconf 91' lang='lat' dir='ltr'><strong>cum</strong></span> <span class='ocrx_word' id='word_1_220' title='bbox 1462 2760 1567 2824; x_wconf 86' lang='lat' dir='ltr'><strong>altero</strong></span> <span class='ocrx_word' id='word_1_221' title='bbox 1590 2762 1782 2826; x_wconf 85' lang='lat' dir='ltr'><strong>testimonio</strong></span> 
     </span>
     <span class='ocr_line' id='line_1_22' title="bbox 196 2859 1782 2955; baseline 0.004 -27"><span class='ocrx_word' id='word_1_222' title='bbox 196 2865 238 2928; x_wconf 93' lang='lat' dir='ltr'><strong>ab</strong></span> <span class='ocrx_word' id='word_1_223' title='bbox 261 2864 399 2930; x_wconf 90' lang='lat' dir='ltr'><strong>Osanno</strong></span> <span class='ocrx_word' id='word_1_224' title='bbox 428 2865 464 2928; x_wconf 91' lang='lat' dir='ltr'><strong>in</strong></span> <span class='ocrx_word' id='word_1_225' title='bbox 493 2864 691 2931; x_wconf 90' lang='lat' dir='ltr'><strong>Philemone</strong></span> <span class='ocrx_word' id='word_1_226' title='bbox 720 2889 750 2950; x_wconf 95' lang='lat' dir='ltr'><strong>p.</strong></span> <span class='ocrx_word' id='word_1_227' title='bbox 773 2867 837 2932; x_wconf 86' lang='lat'><strong>303</strong></span> <span class='ocrx_word' id='word_1_228' title='bbox 860 2889 903 2932; x_wconf 91' lang='lat' dir='ltr'><strong>ss.</strong></span> <span class='ocrx_word' id='word_1_229' title='bbox 931 2891 973 2932; x_wconf 83' lang='lat' dir='ltr'><strong>ex</strong></span> <span class='ocrx_word' id='word_1_230' title='bbox 1001 2870 1113 2935; x_wconf 91' lang='lat' dir='ltr'><strong>codice</strong></span> <span class='ocrx_word' id='word_1_231' title='bbox 1136 2871 1292 2937; x_wconf 88' lang='lat' dir='ltr'><strong>Parisino</strong></span> <span class='ocrx_word' id='word_1_232' title='bbox 1310 2859 1405 2936; x_wconf 63' lang='grc' dir='ltr'><strong>Δ2603</strong></span> <span class='ocrx_word' id='word_1_233' title='bbox 1433 2871 1557 2955; x_wconf 90' lang='lat' dir='ltr'><strong>publici</strong></span> <span class='ocrx_word' id='word_1_234' title='bbox 1584 2871 1667 2936; x_wconf 90' lang='lat' dir='ltr'><strong>iuris</strong></span> <span class='ocrx_word' id='word_1_235' title='bbox 1694 2872 1782 2936; x_wconf 83' lang='lat' dir='ltr'><strong>facto</strong></span> 
     </span>
     <span class='ocr_line' id='line_1_23' title="bbox 201 2976 412 3059; baseline 0 -21"><span class='ocrx_word' id='word_1_236' title='bbox 201 2976 412 3059; x_wconf 88' lang='lat' dir='ltr'><strong>apponimus:</strong></span> 
     </span>
    </p>

    <p class='ocr_par' dir='ltr' id='par_1_4' title="bbox 283 3085 1564 3170">
     <span class='ocr_line' id='line_1_24' title="bbox 283 3085 1564 3170; baseline 0.005 -20"><span class='ocrx_word' id='word_1_237' title='bbox 283 3085 492 3170; x_wconf 86' lang='lat' dir='ltr'><strong>Porphyrius</strong></span> <span class='ocrx_word' id='word_1_238' title='bbox 514 3087 551 3149; x_wconf 88' lang='lat' dir='ltr'><strong>in</strong></span> <span class='ocrx_word' id='word_1_239' title='bbox 573 3086 642 3150; x_wconf 86' lang='lat' dir='ltr'><strong>BA</strong></span> <span class='ocrx_word' id='word_1_240' title='bbox 663 3085 736 3164; x_wconf 89' lang='grc'><strong>676,</strong></span> <span class='ocrx_word' id='word_1_241' title='bbox 759 3089 779 3152; x_wconf 88' lang='grc'><strong><em>3</em></strong></span> <span class='ocrx_word' id='word_1_242' title='bbox 803 3111 850 3154; x_wconf 90' lang='lat' dir='ltr'><strong>ss:</strong></span> <span class='ocrx_word' id='word_1_243' title='bbox 1103 3091 1351 3157; x_wconf 79' lang='lat' dir='ltr'><strong>Grammaticus</strong></span> <span class='ocrx_word' id='word_1_244' title='bbox 1374 3093 1564 3158; x_wconf 87' lang='lat' dir='ltr'><strong>Parisinus:</strong></span> 
     </span>
    </p>

    <p class='ocr_par' dir='ltr' id='par_1_5' title="bbox 171 3194 1785 4060">
     <span class='ocr_line' id='line_1_25' title="bbox 194 3194 1782 3286; baseline 0.007 -28"><span class='ocrx_word' id='word_1_245' title='bbox 194 3194 304 3260; x_wconf 83' lang='grc' dir='ltr'>Ἰστίον</span> <span class='ocrx_word' id='word_1_246' title='bbox 332 3199 427 3260; x_wconf 79' lang='grc' dir='ltr'>τοίνυν</span> <span class='ocrx_word' id='word_1_247' title='bbox 457 3198 498 3266; x_wconf 81' lang='grc' dir='ltr'><strong>ὡς</strong></span> <span class='ocrx_word' id='word_1_248' title='bbox 527 3195 646 3280; x_wconf 67' lang='lat' dir='ltr'><strong>cupas</strong></span> <span class='ocrx_word' id='word_1_249' title='bbox 674 3199 826 3270; x_wconf 79' lang='grc' dir='ltr'>Διονύσιος</span> <span class='ocrx_word' id='word_1_250' title='bbox 853 3201 869 3262; x_wconf 87' lang='grc' dir='ltr'>ό</span> <span class='ocrx_word' id='word_1_251' title='bbox 897 3203 964 3286; x_wconf 81' lang='grc' dir='ltr'>περὶ</span> <span class='ocrx_word' id='word_1_252' title='bbox 1015 3250 1023 3267; x_wconf 92' lang='grc'><strong>.</strong></span> <span class='ocrx_word' id='word_1_253' title='bbox 1069 3252 1076 3266; x_wconf 92' lang='grc'><strong>.</strong></span> <span class='ocrx_word' id='word_1_254' title='bbox 1120 3251 1127 3264; x_wconf 92' lang='grc'><strong>.</strong></span> <span class='ocrx_word' id='word_1_255' title='bbox 1172 3252 1178 3266; x_wconf 92' lang='grc'><strong>.</strong></span> <span class='ocrx_word' id='word_1_256' title='bbox 1224 3252 1230 3264; x_wconf 96' lang='grc'><strong><em>.</em></strong></span> <span class='ocrx_word' id='word_1_257' title='bbox 1275 3251 1281 3265; x_wconf 92' lang='grc'>.</span> <span class='ocrx_word' id='word_1_258' title='bbox 1326 3253 1332 3266; x_wconf 94' lang='grc'><strong>.</strong></span> <span class='ocrx_word' id='word_1_259' title='bbox 1383 3251 1391 3268; x_wconf 95' lang='grc'><strong>.</strong></span> <span class='ocrx_word' id='word_1_260' title='bbox 1440 3253 1446 3267; x_wconf 93' lang='grc'><strong><em>.</em></strong></span> <span class='ocrx_word' id='word_1_261' title='bbox 1496 3256 1502 3269; x_wconf 95' lang='grc'><strong>.</strong></span> <span class='ocrx_word' id='word_1_262' title='bbox 1665 3254 1671 3268; x_wconf 94' lang='grc'><strong><em>.</em></strong></span> <span class='ocrx_word' id='word_1_263' title='bbox 1721 3255 1727 3270; x_wconf 90' lang='grc'><strong>.</strong></span> <span class='ocrx_word' id='word_1_264' title='bbox 1775 3253 1782 3269; x_wconf 89' lang='grc'><strong>.</strong></span> 
     </span>
     <span class='ocr_line' id='line_1_26' title="bbox 200 3307 1784 3398; baseline 0.006 -30"><span class='ocrx_word' id='word_1_265' title='bbox 200 3311 258 3369; x_wconf 80' lang='grc' dir='ltr'><strong>τῶν</strong></span> <span class='ocrx_word' id='word_1_266' title='bbox 284 3307 362 3370; x_wconf 84' lang='grc' dir='ltr'>ὀκτὼ</span> <span class='ocrx_word' id='word_1_267' title='bbox 388 3311 553 3391; x_wconf 79' lang='grc' dir='ltr'>μερῶντοό</span> <span class='ocrx_word' id='word_1_268' title='bbox 570 3307 658 3391; x_wconf 90' lang='grc' dir='ltr'>λόγου</span> <span class='ocrx_word' id='word_1_269' title='bbox 684 3311 964 3394; x_wconf 74' lang='grc' dir='ltr'>διδάξαςὴμᾶςκαὶ</span> <span class='ocrx_word' id='word_1_270' title='bbox 1016 3362 1023 3376; x_wconf 94' lang='grc'><strong>.</strong></span> <span class='ocrx_word' id='word_1_271' title='bbox 1069 3361 1075 3374; x_wconf 91' lang='grc'><strong>.</strong></span> <span class='ocrx_word' id='word_1_272' title='bbox 1121 3362 1127 3376; x_wconf 94' lang='grc'><strong><em>.</em></strong></span> <span class='ocrx_word' id='word_1_273' title='bbox 1173 3311 1313 3382; x_wconf 81' lang='grc' dir='ltr'>,ἄλλος</span> <span class='ocrx_word' id='word_1_274' title='bbox 1341 3314 1378 3378; x_wconf 80' lang='grc' dir='ltr'><strong>δέ</strong></span> <span class='ocrx_word' id='word_1_275' title='bbox 1400 3338 1452 3383; x_wconf 86' lang='grc' dir='ltr'><strong>τις</strong></span> <span class='ocrx_word' id='word_1_276' title='bbox 1476 3316 1784 3398; x_wconf 79' lang='grc' dir='ltr'>μεταγενέστερυς</span> 
     </span>
     <span class='ocr_line' id='line_1_27' title="bbox 199 3415 1784 3510; baseline 0.004 -30"><span class='ocrx_word' id='word_1_277' title='bbox 199 3415 243 3480; x_wconf 83' lang='grc' dir='ltr'><strong>ἔτι</strong></span> <span class='ocrx_word' id='word_1_278' title='bbox 266 3419 323 3502; x_wconf 84' lang='grc' dir='ltr'><strong>πρὸ</strong></span> <span class='ocrx_word' id='word_1_279' title='bbox 346 3418 457 3482; x_wconf 81' lang='grc' dir='ltr'>τούτων</span> <span class='ocrx_word' id='word_1_280' title='bbox 482 3419 547 3501; x_wconf 77' lang='grc' dir='ltr'>περὶ</span> <span class='ocrx_word' id='word_1_281' title='bbox 572 3418 723 3502; x_wconf 82' lang='grc' dir='ltr'>στοιχείου</span> <span class='ocrx_word' id='word_1_282' title='bbox 739 3422 788 3484; x_wconf 81' lang='grc' dir='ltr'>καί</span> <span class='ocrx_word' id='word_1_283' title='bbox 811 3423 964 3507; x_wconf 79' lang='grc' dir='ltr'>συλλαβῆς</span> <span class='ocrx_word' id='word_1_284' title='bbox 1017 3421 1179 3490; x_wconf 77' lang='grc' dir='ltr'>Θεοδόσιος</span> <span class='ocrx_word' id='word_1_285' title='bbox 1210 3421 1356 3505; x_wconf 82' lang='grc' dir='ltr'>τοόνομα,</span> <span class='ocrx_word' id='word_1_286' title='bbox 1380 3425 1430 3487; x_wconf 90' lang='grc' dir='ltr'><strong>τδν</strong></span> <span class='ocrx_word' id='word_1_287' title='bbox 1461 3422 1663 3508; x_wconf 78' lang='grc' dir='ltr'>Ἀλεξανδρέα</span> <span class='ocrx_word' id='word_1_288' title='bbox 1697 3426 1784 3510; x_wconf 83' lang='grc' dir='ltr'>φημί,</span> 
     </span>
     <span class='ocr_line' id='line_1_28' title="bbox 199 3529 1785 3620; baseline 0.004 -28"><span class='ocrx_word' id='word_1_289' title='bbox 199 3531 248 3592; x_wconf 80' lang='grc' dir='ltr'>καὶ</span> <span class='ocrx_word' id='word_1_290' title='bbox 277 3529 399 3605; x_wconf 78' lang='grc' dir='ltr'>λέξεως,</span> <span class='ocrx_word' id='word_1_291' title='bbox 424 3529 479 3590; x_wconf 82' lang='grc' dir='ltr'><strong>οὐκ</strong></span> <span class='ocrx_word' id='word_1_292' title='bbox 503 3529 561 3590; x_wconf 84' lang='grc' dir='ltr'><strong>ἀπὸ</strong></span> <span class='ocrx_word' id='word_1_293' title='bbox 584 3533 637 3611; x_wconf 75' lang='grc' dir='ltr'><strong>τῆς</strong></span> <span class='ocrx_word' id='word_1_294' title='bbox 659 3531 830 3616; x_wconf 79' lang='grc' dir='ltr'>προσῳδίας</span> <span class='ocrx_word' id='word_1_295' title='bbox 852 3531 963 3616; x_wconf 75' lang='grc' dir='ltr'>ἤρξατο</span> <span class='ocrx_word' id='word_1_296' title='bbox 1016 3532 1085 3603; x_wconf 84' lang='grc' dir='ltr'>τοός</span> <span class='ocrx_word' id='word_1_297' title='bbox 1106 3557 1138 3596; x_wconf 84' lang='grc' dir='ltr'><strong>τε</strong></span> <span class='ocrx_word' id='word_1_298' title='bbox 1163 3533 1347 3616; x_wconf 83' lang='grc' dir='ltr'>ὀνομαστοὺς</span> <span class='ocrx_word' id='word_1_299' title='bbox 1373 3535 1498 3604; x_wconf 81' lang='grc' dir='ltr'>κανόνας</span> <span class='ocrx_word' id='word_1_300' title='bbox 1527 3537 1664 3602; x_wconf 77' lang='grc' dir='ltr'>καὶτοὺς</span> <span class='ocrx_word' id='word_1_301' title='bbox 1692 3537 1785 3620; x_wconf 77' lang='grc' dir='ltr'>ῥημα-</span> 
     </span>
     <span class='ocr_line' id='line_1_29' title="bbox 200 3637 1784 3730; baseline 0.006 -30"><span class='ocrx_word' id='word_1_302' title='bbox 200 3639 264 3700; x_wconf 76' lang='grc' dir='ltr'>ἀλλ’</span> <span class='ocrx_word' id='word_1_303' title='bbox 288 3639 348 3702; x_wconf 89' lang='grc' dir='ltr'><strong>ἀπδ</strong></span> <span class='ocrx_word' id='word_1_304' title='bbox 371 3643 424 3701; x_wconf 82' lang='grc' dir='ltr'><strong>τοῦ</strong></span> <span class='ocrx_word' id='word_1_305' title='bbox 448 3637 519 3722; x_wconf 83' lang='grc' dir='ltr'>ὅρου</span> <span class='ocrx_word' id='word_1_306' title='bbox 542 3643 595 3722; x_wconf 73' lang='grc' dir='ltr'><strong>τῆς</strong></span> <span class='ocrx_word' id='word_1_307' title='bbox 617 3648 839 3727; x_wconf 78' lang='grc' dir='ltr'>γραμματικῆς·</span> <span class='ocrx_word' id='word_1_308' title='bbox 862 3643 904 3706; x_wconf 87' lang='grc' dir='ltr'><strong>τὰ</strong></span> <span class='ocrx_word' id='word_1_309' title='bbox 927 3645 964 3706; x_wconf 84' lang='grc' dir='ltr'><strong>δὲ</strong></span> <span class='ocrx_word' id='word_1_310' title='bbox 1017 3643 1116 3712; x_wconf 82' lang='grc' dir='ltr'>τικοὺς</span> <span class='ocrx_word' id='word_1_311' title='bbox 1140 3645 1379 3727; x_wconf 84' lang='grc' dir='ltr'>ἐτεχνοὶσατο·</span> <span class='ocrx_word' id='word_1_312' title='bbox 1403 3647 1439 3709; x_wconf 88' lang='grc' dir='ltr'><strong>ὃν</strong></span> <span class='ocrx_word' id='word_1_313' title='bbox 1464 3647 1507 3728; x_wconf 79' lang='grc' dir='ltr'><strong>δὴ</strong></span> <span class='ocrx_word' id='word_1_314' title='bbox 1530 3647 1590 3710; x_wconf 82' lang='grc' dir='ltr'>καὶ</span> <span class='ocrx_word' id='word_1_315' title='bbox 1613 3650 1681 3708; x_wconf 84' lang='grc' dir='ltr'><strong>τῶν</strong></span> <span class='ocrx_word' id='word_1_316' title='bbox 1705 3669 1784 3730; x_wconf 91' lang='grc' dir='ltr'>προ-</span> 
     </span>
     <span class='ocr_line' id='line_1_30' title="bbox 199 3749 1784 3840; baseline 0.004 -30"><span class='ocrx_word' id='word_1_317' title='bbox 199 3751 278 3832; x_wconf 85' lang='grc' dir='ltr'>περὶ</span> <span class='ocrx_word' id='word_1_318' title='bbox 301 3750 512 3832; x_wconf 80' lang='grc' dir='ltr'>προσῳδίας</span> <span class='ocrx_word' id='word_1_319' title='bbox 535 3749 658 3834; x_wconf 79' lang='grc' dir='ltr'>ἕτερός</span> <span class='ocrx_word' id='word_1_320' title='bbox 685 3775 736 3820; x_wconf 85' lang='grc' dir='ltr'><strong>τις</strong></span> <span class='ocrx_word' id='word_1_321' title='bbox 758 3753 886 3816; x_wconf 84' lang='grc' dir='ltr'>τούτου</span> <span class='ocrx_word' id='word_1_322' title='bbox 911 3777 972 3836; x_wconf 51' lang='grc' dir='ltr'><strong>μσς</strong></span> <span class='ocrx_word' id='word_1_323' title='bbox 1018 3757 1158 3838; x_wconf 85' lang='grc' dir='ltr'>σῳδιῶν</span> <span class='ocrx_word' id='word_1_324' title='bbox 1175 3777 1269 3824; x_wconf 81' lang='grc' dir='ltr'>τινες</span> <span class='ocrx_word' id='word_1_325' title='bbox 1285 3762 1485 3840; x_wconf 84' lang='grc' dir='ltr'>παριστῶσι</span> <span class='ocrx_word' id='word_1_326' title='bbox 1502 3758 1714 3840; x_wconf 76' lang='grc' dir='ltr'>συγγραφέα</span> <span class='ocrx_word' id='word_1_327' title='bbox 1735 3755 1784 3819; x_wconf 89' lang='grc' dir='ltr'><strong>διά</strong></span> 
     </span>
     <span class='ocr_line' id='line_1_31' title="bbox 199 3849 1782 3950; baseline 0.004 -30"><span class='ocrx_word' id='word_1_328' title='bbox 199 3859 457 3943; x_wconf 82' lang='grc' dir='ltr'>ταγενέστερος</span> <span class='ocrx_word' id='word_1_329' title='bbox 486 3859 534 3922; x_wconf 85' lang='grc' dir='ltr'><strong>διὰ</strong></span> <span class='ocrx_word' id='word_1_330' title='bbox 560 3859 630 3928; x_wconf 83' lang='grc' dir='ltr'>τοὺς</span> <span class='ocrx_word' id='word_1_331' title='bbox 658 3859 724 3944; x_wconf 87' lang='grc' dir='ltr'>ἀρτι</span> <span class='ocrx_word' id='word_1_332' title='bbox 750 3867 804 3944; x_wconf 79' lang='grc' dir='ltr'><strong>τῆς</strong></span> <span class='ocrx_word' id='word_1_333' title='bbox 828 3849 962 3950; x_wconf 87' lang='grc' dir='ltr'>γραμμα-</span> <span class='ocrx_word' id='word_1_334' title='bbox 1016 3865 1049 3926; x_wconf 86' lang='grc' dir='ltr'><strong>τὸ</strong></span> <span class='ocrx_word' id='word_1_335' title='bbox 1067 3865 1192 3950; x_wconf 83' lang='grc' dir='ltr'>ἀσαφῶς</span> <span class='ocrx_word' id='word_1_336' title='bbox 1207 3867 1273 3949; x_wconf 80' lang='grc' dir='ltr'>περὶ</span> <span class='ocrx_word' id='word_1_337' title='bbox 1283 3865 1378 3929; x_wconf 88' lang='grc' dir='ltr'>τόνων</span> <span class='ocrx_word' id='word_1_338' title='bbox 1391 3867 1538 3930; x_wconf 82' lang='grc' dir='ltr'>διδάσκειν</span> <span class='ocrx_word' id='word_1_339' title='bbox 1556 3867 1605 3930; x_wconf 84' lang='grc' dir='ltr'><strong>τὸν</strong></span> <span class='ocrx_word' id='word_1_340' title='bbox 1622 3867 1782 3931; x_wconf 88' lang='grc' dir='ltr'>Διονόσιον·</span> 
     </span>
     <span class='ocr_line' id='line_1_32' title="bbox 171 3970 1783 4060; baseline 0.005 -32"><span class='ocrx_word' id='word_1_341' title='bbox 171 4045 174 4050; x_wconf 86' lang='lat'><strong>.</strong></span> <span class='ocrx_word' id='word_1_342' title='bbox 198 3972 281 4051; x_wconf 80' lang='grc' dir='ltr'>ταιῆς</span> <span class='ocrx_word' id='word_1_343' title='bbox 304 3970 489 4053; x_wconf 81' lang='grc' dir='ltr'>ἀρχομένους</span> <span class='ocrx_word' id='word_1_344' title='bbox 512 3971 680 4056; x_wconf 80' lang='grc' dir='ltr'>ἀναγκαίως</span> <span class='ocrx_word' id='word_1_345' title='bbox 702 3972 856 4044; x_wconf 76' lang='grc' dir='ltr'>ἐδίδαξε.</span> <span class='ocrx_word' id='word_1_346' title='bbox 1018 3973 1105 4038; x_wconf 85' lang='grc' dir='ltr'>ἄλλοι</span> <span class='ocrx_word' id='word_1_347' title='bbox 1122 3976 1216 4039; x_wconf 81' lang='grc' dir='ltr'>δὲκαὶ</span> <span class='ocrx_word' id='word_1_348' title='bbox 1230 3979 1316 4040; x_wconf 83' lang='grc' dir='ltr'>τοῦτο</span> <span class='ocrx_word' id='word_1_349' title='bbox 1333 3981 1386 4040; x_wconf 79' lang='grc' dir='ltr'><strong>τοῦ</strong></span> <span class='ocrx_word' id='word_1_350' title='bbox 1398 3978 1658 4060; x_wconf 80' lang='grc' dir='ltr'>θεολογικωτσίτου</span> <span class='ocrx_word' id='word_1_351' title='bbox 1675 3971 1783 4060; x_wconf 75' lang='grc' dir='ltr'>Γρηγο-</span> 
     </span>
    </p>

    <p class='ocr_par' dir='ltr' id='par_1_6' title="bbox 1018 4085 1782 4172">
     <span class='ocr_line' id='line_1_33' title="bbox 1018 4085 1782 4172; baseline 0 -23"><span class='ocrx_word' id='word_1_352' title='bbox 1018 4087 1082 4170; x_wconf 94' lang='grc' dir='ltr'>ρίου</span> <span class='ocrx_word' id='word_1_353' title='bbox 1105 4087 1238 4170; x_wconf 83' lang='grc' dir='ltr'>λέγουσιν</span> <span class='ocrx_word' id='word_1_354' title='bbox 1262 4085 1336 4150; x_wconf 78' lang='grc' dir='ltr'>εἶναι</span> <span class='ocrx_word' id='word_1_355' title='bbox 1358 4087 1392 4150; x_wconf 89' lang='grc' dir='ltr'><strong>τδ</strong></span> <span class='ocrx_word' id='word_1_356' title='bbox 1415 4085 1536 4172; x_wconf 77' lang='grc' dir='ltr'>πόνημα</span> <span class='ocrx_word' id='word_1_357' title='bbox 1539 4133 1782 4151; x_wconf 91' lang='grc'><strong>......</strong></span> 
     </span>
    </p>

    <p class='ocr_par' dir='ltr' id='par_1_7' title="bbox 198 4190 1802 4718">
     <span class='ocr_line' id='line_1_34' title="bbox 298 4190 1782 4279; baseline 0.002 -24"><span class='ocrx_word' id='word_1_358' title='bbox 298 4191 369 4255; x_wconf 87' lang='grc' dir='ltr'><strong>Νθθ</strong></span> <span class='ocrx_word' id='word_1_359' title='bbox 392 4212 472 4256; x_wconf 86' lang='lat' dir='ltr'><strong>vero</strong></span> <span class='ocrx_word' id='word_1_360' title='bbox 495 4190 606 4256; x_wconf 88' lang='lat' dir='ltr'><strong>differt</strong></span> <span class='ocrx_word' id='word_1_361' title='bbox 629 4193 865 4258; x_wconf 91' lang='lat' dir='ltr'><strong>commentatio</strong></span> <span class='ocrx_word' id='word_1_362' title='bbox 880 4195 940 4260; x_wconf 90' lang='lat' dir='ltr'><strong>illa</strong></span> <span class='ocrx_word' id='word_1_363' title='bbox 962 4195 1003 4260; x_wconf 90' lang='lat' dir='ltr'><strong>de</strong></span> <span class='ocrx_word' id='word_1_364' title='bbox 1025 4197 1201 4279; x_wconf 87' lang='lat' dir='ltr'><strong>prosodiis,</strong></span> <span class='ocrx_word' id='word_1_365' title='bbox 1225 4199 1318 4262; x_wconf 90' lang='lat' dir='ltr'><strong>euius</strong></span> <span class='ocrx_word' id='word_1_366' title='bbox 1341 4198 1547 4263; x_wconf 88' lang='lat' dir='ltr'><strong>mentionem</strong></span> <span class='ocrx_word' id='word_1_367' title='bbox 1570 4198 1650 4262; x_wconf 86' lang='lat' dir='ltr'><strong>facit</strong></span> <span class='ocrx_word' id='word_1_368' title='bbox 1672 4215 1782 4278; x_wconf 88' lang='lat' dir='ltr'><strong>gram·</strong></span> 
     </span>
     <span class='ocr_line' id='line_1_35' title="bbox 198 4302 1783 4391; baseline 0.004 -28"><span class='ocrx_word' id='word_1_369' title='bbox 198 4302 352 4377; x_wconf 87' lang='lat' dir='ltr'><strong>maticus,</strong></span> <span class='ocrx_word' id='word_1_370' title='bbox 381 4302 421 4366; x_wconf 88' lang='lat' dir='ltr'><strong>ab</strong></span> <span class='ocrx_word' id='word_1_371' title='bbox 449 4322 489 4365; x_wconf 90' lang='lat' dir='ltr'><strong>ea</strong></span> <span class='ocrx_word' id='word_1_372' title='bbox 514 4303 591 4384; x_wconf 89' lang='lat' dir='ltr'><strong>ipsa</strong></span> <span class='ocrx_word' id='word_1_373' title='bbox 610 4323 693 4384; x_wconf 88' lang='lat' dir='ltr'><strong>quae</strong></span> <span class='ocrx_word' id='word_1_374' title='bbox 720 4303 756 4366; x_wconf 92' lang='lat' dir='ltr'><strong>in</strong></span> <span class='ocrx_word' id='word_1_375' title='bbox 780 4303 929 4368; x_wconf 83' lang='lat' dir='ltr'><strong>Bekheri</strong></span> <span class='ocrx_word' id='word_1_376' title='bbox 956 4306 1128 4371; x_wconf 84' lang='lat' dir='ltr'><strong>anecdotis</strong></span> <span class='ocrx_word' id='word_1_377' title='bbox 1151 4329 1180 4389; x_wconf 95' lang='lat' dir='ltr'><strong>p.</strong></span> <span class='ocrx_word' id='word_1_378' title='bbox 1204 4308 1303 4372; x_wconf 69' lang='lat' dir='ltr'><strong>otc-5</strong></span> <span class='ocrx_word' id='word_1_379' title='bbox 1326 4309 1467 4391; x_wconf 86' lang='lat' dir='ltr'><strong>legitur,</strong></span> <span class='ocrx_word' id='word_1_380' title='bbox 1490 4309 1597 4373; x_wconf 86' lang='lat' dir='ltr'><strong>tribus</strong></span> <span class='ocrx_word' id='word_1_381' title='bbox 1619 4308 1783 4380; x_wconf 76' lang='lat' dir='ltr'><strong>instructa</strong></span> 
     </span>
     <span class='ocr_line' id='line_1_36' title="bbox 199 4410 1802 4500; baseline 0.004 -27"><span class='ocrx_word' id='word_1_382' title='bbox 199 4413 454 4486; x_wconf 86' lang='lat' dir='ltr'><strong>commentariis,</strong></span> <span class='ocrx_word' id='word_1_383' title='bbox 478 4410 659 4495; x_wconf 89' lang='lat' dir='ltr'><strong>Porphyrii</strong></span> <span class='ocrx_word' id='word_1_384' title='bbox 682 4434 711 4494; x_wconf 91' lang='lat' dir='ltr'><strong>p.</strong></span> <span class='ocrx_word' id='word_1_385' title='bbox 735 4413 808 4489; x_wconf 82' lang='grc'><strong>675,</strong></span> <span class='ocrx_word' id='word_1_386' title='bbox 833 4412 1059 4480; x_wconf 79' lang='lat' dir='ltr'><strong>Choerobosci</strong></span> <span class='ocrx_word' id='word_1_387' title='bbox 1081 4441 1111 4499; x_wconf 87' lang='lat' dir='ltr'><strong>p.</strong></span> <span class='ocrx_word' id='word_1_388' title='bbox 1134 4413 1210 4492; x_wconf 82' lang='lat'><strong>703,</strong></span> <span class='ocrx_word' id='word_1_389' title='bbox 1234 4422 1355 4484; x_wconf 86' lang='lat' dir='ltr'><strong>incerti</strong></span> <span class='ocrx_word' id='word_1_390' title='bbox 1378 4419 1549 4484; x_wconf 88' lang='lat' dir='ltr'><strong>cuiusdam</strong></span> <span class='ocrx_word' id='word_1_391' title='bbox 1571 4441 1603 4500; x_wconf 89' lang='lat' dir='ltr'><strong>p.</strong></span> <span class='ocrx_word' id='word_1_392' title='bbox 1625 4417 1802 4498; x_wconf 36' lang='lat' dir='ltr'><strong>tta-7202</strong></span> 
     </span>
     <span class='ocr_line' id='line_1_37' title="bbox 199 4519 1797 4609; baseline 0.004 -25"><span class='ocrx_word' id='word_1_393' title='bbox 199 4542 298 4602; x_wconf 91' lang='lat' dir='ltr'><strong>quam</strong></span> <span class='ocrx_word' id='word_1_394' title='bbox 321 4531 396 4603; x_wconf 92' lang='lat' dir='ltr'><strong>post</strong></span> <span class='ocrx_word' id='word_1_395' title='bbox 424 4523 629 4603; x_wconf 88' lang='lat' dir='ltr'><strong>prooemium</strong></span> <span class='ocrx_word' id='word_1_396' title='bbox 653 4521 693 4584; x_wconf 91' lang='lat' dir='ltr'><strong>de</strong></span> <span class='ocrx_word' id='word_1_397' title='bbox 721 4529 792 4586; x_wconf 90' lang='lat' dir='ltr'><strong>arte</strong></span> <span class='ocrx_word' id='word_1_398' title='bbox 820 4528 1038 4606; x_wconf 90' lang='lat' dir='ltr'><strong>grammatica</strong></span> <span class='ocrx_word' id='word_1_399' title='bbox 1066 4527 1227 4609; x_wconf 85' lang='lat' dir='ltr'><strong>scriptum</strong></span> <span class='ocrx_word' id='word_1_400' title='bbox 1251 4529 1315 4604; x_wconf 86' lang='lat' dir='ltr'><strong>vel,</strong></span> <span class='ocrx_word' id='word_1_401' title='bbox 1339 4532 1388 4594; x_wconf 86' lang='lat' dir='ltr'><strong>uti</strong></span> <span class='ocrx_word' id='word_1_402' title='bbox 1416 4532 1450 4594; x_wconf 91' lang='lat' dir='ltr'><strong>in</strong></span> <span class='ocrx_word' id='word_1_403' title='bbox 1479 4525 1590 4592; x_wconf 90' lang='lat' dir='ltr'><strong>codice</strong></span> <span class='ocrx_word' id='word_1_404' title='bbox 1613 4519 1797 4590; x_wconf 86' lang='lat' dir='ltr'><strong>Hambur-·</strong></span> 
     </span>
     <span class='ocr_line' id='line_1_38' title="bbox 198 4619 1782 4718; baseline 0.004 -25"><span class='ocrx_word' id='word_1_405' title='bbox 198 4631 337 4712; x_wconf 79' lang='lat' dir='ltr'><strong>gensi⁶)‚</strong></span> <span class='ocrx_word' id='word_1_406' title='bbox 360 4638 437 4694; x_wconf 87' lang='lat' dir='ltr'><strong>ante</strong></span> <span class='ocrx_word' id='word_1_407' title='bbox 460 4631 542 4694; x_wconf 91' lang='lat' dir='ltr'><strong>illud</strong></span> <span class='ocrx_word' id='word_1_408' title='bbox 570 4619 778 4714; x_wconf 83' lang='lat' dir='ltr'><strong>prooemium</strong></span> <span class='ocrx_word' id='word_1_409' title='bbox 801 4655 875 4700; x_wconf 88' lang='lat' dir='ltr'><strong>eam</strong></span> <span class='ocrx_word' id='word_1_410' title='bbox 898 4637 939 4700; x_wconf 92' lang='lat' dir='ltr'><strong>ob</strong></span> <span class='ocrx_word' id='word_1_411' title='bbox 963 4657 1098 4701; x_wconf 89' lang='lat' dir='ltr'><strong>causam</strong></span> <span class='ocrx_word' id='word_1_412' title='bbox 1120 4658 1140 4700; x_wconf 88' lang='lat' dir='ltr'><strong>a</strong></span> <span class='ocrx_word' id='word_1_413' title='bbox 1162 4640 1403 4704; x_wconf 88' lang='lat' dir='ltr'><strong>recentioribus</strong></span> <span class='ocrx_word' id='word_1_414' title='bbox 1425 4631 1587 4702; x_wconf 88' lang='lat' dir='ltr'><strong>adiectam</strong></span> <span class='ocrx_word' id='word_1_415' title='bbox 1610 4657 1683 4700; x_wconf 85' lang='lat' dir='ltr'><strong>esse</strong></span> <span class='ocrx_word' id='word_1_416' title='bbox 1706 4657 1782 4718; x_wconf 91' lang='lat' dir='ltr'><strong>prc-</strong></span> 
     </span>
    </p>
   </div>
   <div class='ocr_carea' id='block_1_2' title="bbox 303 4859 947 4930">
    <p class='ocr_par' dir='ltr' id='par_1_8' title="bbox 303 4859 947 4930">
     <span class='ocr_line' id='line_1_39' title="bbox 303 4859 947 4930; baseline 0.006 -18"><span class='ocrx_word' id='word_1_417' title='bbox 303 4859 323 4928; x_wconf 63' lang='grc' dir='ltr'><strong>υ)</strong></span> <span class='ocrx_word' id='word_1_418' title='bbox 341 4861 381 4912; x_wconf 91' lang='lat' dir='ltr'><strong>Ib.</strong></span> <span class='ocrx_word' id='word_1_419' title='bbox 400 4859 470 4912; x_wconf 88' lang='lat' dir='ltr'>VIII</span> <span class='ocrx_word' id='word_1_420' title='bbox 488 4876 513 4927; x_wconf 90' lang='lat' dir='ltr'><strong>p.</strong></span> <span class='ocrx_word' id='word_1_421' title='bbox 532 4859 589 4912; x_wconf 86' lang='grc'><strong>516.</strong></span> <span class='ocrx_word' id='word_1_422' title='bbox 625 4859 646 4926; x_wconf 78' lang='lat'><strong>⁶)</strong></span> <span class='ocrx_word' id='word_1_423' title='bbox 670 4861 775 4914; x_wconf 86' lang='lat' dir='ltr'><strong>Preller</strong></span> <span class='ocrx_word' id='word_1_424' title='bbox 796 4863 813 4916; x_wconf 94' lang='lat' dir='ltr'><strong>l.</strong></span> <span class='ocrx_word' id='word_1_425' title='bbox 832 4879 854 4915; x_wconf 91' lang='lat' dir='ltr'><strong>c.</strong></span> <span class='ocrx_word' id='word_1_426' title='bbox 877 4881 904 4930; x_wconf 90' lang='lat' dir='ltr'><strong>p.</strong></span> <span class='ocrx_word' id='word_1_427' title='bbox 924 4860 947 4916; x_wconf 90' lang='grc'><strong>7.</strong></span> 
     </span>
    </p>
   </div>
   <div class='ocr_carea' id='block_1_3' title="bbox 0 0 2124 5512">
    <p class='ocr_par' dir='ltr' id='par_1_9' title="bbox 0 0 2124 5512">
     <span class='ocr_line' id='line_1_40' title="bbox 0 0 2124 5512; baseline 0 0"><span class='ocrx_word' id='word_1_428' title='bbox 0 0 2124 5512; x_wconf 95' lang='lat' dir='ltr'><strong> </strong></span> 
     </span>
    </p>
   </div>
  </div>
 </body>
</html>
