<?xml version="1.0" encoding="UTF-8"?>
<!DOCTYPE html PUBLIC "-//W3C//DTD XHTML 1.0 Transitional//EN"
    "http://www.w3.org/TR/xhtml1/DTD/xhtml1-transitional.dtd">
<html xmlns="http://www.w3.org/1999/xhtml" xml:lang="en" lang="en">
 <head>
  <title>
</title>
<meta http-equiv="Content-Type" content="text/html;charset=utf-8" />
  <meta name='ocr-system' content='tesseract 3.04.00' />
  <meta name='ocr-capabilities' content='ocr_page ocr_carea ocr_par ocr_line ocrx_word'/>
</head>
<body>
  <div class='ocr_page' id='page_1' title='image "./dedionysiithrac00hartgoog_0022.png"; bbox 0 0 4240 5512; ppageno 0'>
   <div class='ocr_carea' id='block_1_1' title="bbox 1015 271 1339 346">
    <p class='ocr_par' dir='ltr' id='par_1_1' title="bbox 1015 271 1339 346">
     <span class='ocr_line' id='line_1_1' title="bbox 1015 271 1339 346; baseline 0 -24"><span class='ocrx_word' id='word_1_1' title='bbox 1015 271 1339 346; x_wconf 70' lang='lat'>—19-</span> 
     </span>
    </p>
   </div>
   <div class='ocr_carea' id='block_1_2' title="bbox 377 473 1965 4206">
    <p class='ocr_par' dir='ltr' id='par_1_2' title="bbox 377 473 1965 4206">
     <span class='ocr_line' id='line_1_2' title="bbox 384 473 1965 566; baseline 0.003 -21"><span class='ocrx_word' id='word_1_2' title='bbox 384 481 514 546; x_wconf 88' lang='lat' dir='ltr'>ratione</span> <span class='ocrx_word' id='word_1_3' title='bbox 537 479 687 544; x_wconf 90' lang='lat' dir='ltr'>doctrina</span> <span class='ocrx_word' id='word_1_4' title='bbox 709 477 768 542; x_wconf 91' lang='lat' dir='ltr'>illa</span> <span class='ocrx_word' id='word_1_5' title='bbox 795 482 912 560; x_wconf 88' lang='lat' dir='ltr'>postea</span> <span class='ocrx_word' id='word_1_6' title='bbox 940 473 1074 539; x_wconf 87' lang='lat' dir='ltr'>exculta</span> <span class='ocrx_word' id='word_1_7' title='bbox 1100 473 1157 548; x_wconf 86' lang='lat' dir='ltr'>sit,</span> <span class='ocrx_word' id='word_1_8' title='bbox 1186 474 1358 540; x_wconf 87' lang='lat' dir='ltr'>nonnullis</span> <span class='ocrx_word' id='word_1_9' title='bbox 1386 479 1724 545; x_wconf 75' lang='lat' dir='ltr'>commentationibus</span> <span class='ocrx_word' id='word_1_10' title='bbox 1746 483 1965 566; x_wconf 85' lang='lat' dir='ltr'>intellegitur,</span> 
     </span>
     <span class='ocr_line' id='line_1_3' title="bbox 384 582 1963 672; baseline 0.004 -18"><span class='ocrx_word' id='word_1_11' title='bbox 384 611 468 672; x_wconf 90' lang='lat' dir='ltr'>quae</span> <span class='ocrx_word' id='word_1_12' title='bbox 484 589 524 654; x_wconf 91' lang='lat' dir='ltr'>de</span> <span class='ocrx_word' id='word_1_13' title='bbox 543 610 581 654; x_wconf 90' lang='lat' dir='ltr'>eo</span> <span class='ocrx_word' id='word_1_14' title='bbox 599 593 796 671; x_wconf 88' lang='lat' dir='ltr'>argumento</span> <span class='ocrx_word' id='word_1_15' title='bbox 813 585 1020 668; x_wconf 75' lang='lat' dir='ltr'>conscriptae</span> <span class='ocrx_word' id='word_1_16' title='bbox 1037 582 1228 648; x_wconf 81' lang='lat' dir='ltr'>etiamnunc</span> <span class='ocrx_word' id='word_1_17' title='bbox 1243 591 1372 649; x_wconf 83' lang='lat' dir='ltr'>extant:</span> <span class='ocrx_word' id='word_1_18' title='bbox 1397 585 1548 666; x_wconf 76' lang='lat' dir='ltr'>Quarum</span> <span class='ocrx_word' id='word_1_19' title='bbox 1564 609 1684 672; x_wconf 90' lang='lat' dir='ltr'>agmen</span> <span class='ocrx_word' id='word_1_20' title='bbox 1704 590 1804 657; x_wconf 85' lang='lat' dir='ltr'>ducat</span> <span class='ocrx_word' id='word_1_21' title='bbox 1820 593 1963 672; x_wconf 90' lang='lat' dir='ltr'>libellus,</span> 
     </span>
     <span class='ocr_line' id='line_1_4' title="bbox 386 693 1965 788; baseline 0.003 -23"><span class='ocrx_word' id='word_1_22' title='bbox 386 700 442 783; x_wconf 92' lang='lat' dir='ltr'>qui</span> <span class='ocrx_word' id='word_1_23' title='bbox 468 701 546 765; x_wconf 89' lang='lat' dir='ltr'>ficto</span> <span class='ocrx_word' id='word_1_24' title='bbox 575 698 767 784; x_wconf 74' lang='lat' dir='ltr'>Tryphonis</span> <span class='ocrx_word' id='word_1_25' title='bbox 794 695 929 760; x_wconf 91' lang='lat' dir='ltr'>nomine</span> <span class='ocrx_word' id='word_1_26' title='bbox 963 699 1177 777; x_wconf 88' lang='lat' dir='ltr'>(quamquam</span> <span class='ocrx_word' id='word_1_27' title='bbox 1204 693 1311 758; x_wconf 90' lang='lat' dir='ltr'>multa</span> <span class='ocrx_word' id='word_1_28' title='bbox 1345 715 1429 777; x_wconf 89' lang='lat' dir='ltr'>quac</span> <span class='ocrx_word' id='word_1_29' title='bbox 1461 698 1497 760; x_wconf 89' lang='lat' dir='ltr'>in</span> <span class='ocrx_word' id='word_1_30' title='bbox 1531 719 1569 762; x_wconf 90' lang='lat' dir='ltr'>eo</span> <span class='ocrx_word' id='word_1_31' title='bbox 1608 701 1821 767; x_wconf 88' lang='lat' dir='ltr'>continentur</span> <span class='ocrx_word' id='word_1_32' title='bbox 1847 706 1965 788; x_wconf 90' lang='lat' dir='ltr'>procul</span> 
     </span>
     <span class='ocr_line' id='line_1_5' title="bbox 383 803 1964 892; baseline 0.003 -18"><span class='ocrx_word' id='word_1_33' title='bbox 383 809 482 874; x_wconf 89' lang='lat' dir='ltr'>dubio</span> <span class='ocrx_word' id='word_1_34' title='bbox 510 809 696 892; x_wconf 88' lang='lat' dir='ltr'>egcuuino</span> <span class='ocrx_word' id='word_1_35' title='bbox 721 805 910 890; x_wconf 73' lang='lat' dir='ltr'>Tryphonis</span> <span class='ocrx_word' id='word_1_36' title='bbox 932 803 1017 868; x_wconf 91' lang='lat' dir='ltr'>libro</span> <span class='ocrx_word' id='word_1_37' title='bbox 1046 803 1189 886; x_wconf 88' lang='lat' dir='ltr'>repetita</span> <span class='ocrx_word' id='word_1_38' title='bbox 1220 807 1312 886; x_wconf 89' lang='lat' dir='ltr'>sunt)</span> <span class='ocrx_word' id='word_1_39' title='bbox 1339 807 1407 890; x_wconf 89' lang='grc' dir='ltr'>περὶ</span> <span class='ocrx_word' id='word_1_40' title='bbox 1434 807 1538 871; x_wconf 74' lang='grc' dir='ltr'>παθῶν</span> <span class='ocrx_word' id='word_1_41' title='bbox 1561 814 1619 874; x_wconf 82' lang='grc' dir='ltr'>τῶν</span> <span class='ocrx_word' id='word_1_42' title='bbox 1643 811 1752 882; x_wconf 74' lang='grc' dir='ltr'>λέξεων</span> <span class='ocrx_word' id='word_1_43' title='bbox 1776 813 1809 876; x_wconf 87' lang='grc' dir='ltr'>ἐκ</span> <span class='ocrx_word' id='word_1_44' title='bbox 1831 819 1889 878; x_wconf 84' lang='grc' dir='ltr'>τῶν</span> <span class='ocrx_word' id='word_1_45' title='bbox 1911 821 1964 879; x_wconf 82' lang='grc' dir='ltr'>τοῦ</span> 
     </span>
     <span class='ocr_line' id='line_1_6' title="bbox 383 913 1964 1008; baseline 0.004 -26"><span class='ocrx_word' id='word_1_46' title='bbox 383 923 589 1004; x_wconf 79' lang='grc' dir='ltr'>γραμματικοῦ</span> <span class='ocrx_word' id='word_1_47' title='bbox 602 916 763 1004; x_wconf 76' lang='grc' dir='ltr'>Τρύφωνος</span> <span class='ocrx_word' id='word_1_48' title='bbox 779 915 1025 996; x_wconf 58' lang='lat' dir='ltr'>inscribiturw).</span> <span class='ocrx_word' id='word_1_49' title='bbox 1036 913 1156 997; x_wconf 85' lang='lat' dir='ltr'>incipit</span> <span class='ocrx_word' id='word_1_50' title='bbox 1167 920 1292 978; x_wconf 86' lang='lat' dir='ltr'>autem:</span> <span class='ocrx_word' id='word_1_51' title='bbox 1315 915 1353 978; x_wconf 85' lang='grc' dir='ltr'>τὰ</span> <span class='ocrx_word' id='word_1_52' title='bbox 1364 922 1421 979; x_wconf 85' lang='grc' dir='ltr'>τῶν</span> <span class='ocrx_word' id='word_1_53' title='bbox 1435 918 1541 993; x_wconf 76' lang='grc' dir='ltr'>λέξεων</span> <span class='ocrx_word' id='word_1_54' title='bbox 1559 921 1642 1004; x_wconf 81' lang='grc' dir='ltr'>πάδη</span> <span class='ocrx_word' id='word_1_55' title='bbox 1662 923 1704 994; x_wconf 84' lang='grc' dir='ltr'>εἰς</span> <span class='ocrx_word' id='word_1_56' title='bbox 1716 923 1769 987; x_wconf 85' lang='grc' dir='ltr'>δύο</span> <span class='ocrx_word' id='word_1_57' title='bbox 1781 927 1964 1008; x_wconf 77' lang='grc' dir='ltr'>γενικώτατα</span> 
     </span>
     <span class='ocr_line' id='line_1_7' title="bbox 387 1024 1964 1116; baseline 0.001 -20"><span class='ocrx_word' id='word_1_58' title='bbox 387 1035 567 1116; x_wconf 81' lang='grc' dir='ltr'>διαιροῦνται</span> <span class='ocrx_word' id='word_1_59' title='bbox 590 1029 683 1094; x_wconf 86' lang='grc' dir='ltr'>ποσόν</span> <span class='ocrx_word' id='word_1_60' title='bbox 711 1053 743 1092; x_wconf 84' lang='grc' dir='ltr'>τε</span> <span class='ocrx_word' id='word_1_61' title='bbox 769 1029 818 1092; x_wconf 79' lang='grc' dir='ltr'>καὶ</span> <span class='ocrx_word' id='word_1_62' title='bbox 841 1027 936 1092; x_wconf 87' lang='grc' dir='ltr'>ποιόν.</span> <span class='ocrx_word' id='word_1_63' title='bbox 969 1027 1019 1090; x_wconf 85' lang='grc' dir='ltr'>καὶ</span> <span class='ocrx_word' id='word_1_64' title='bbox 1046 1031 1099 1089; x_wconf 80' lang='grc' dir='ltr'>τοῦ</span> <span class='ocrx_word' id='word_1_65' title='bbox 1128 1027 1179 1108; x_wconf 84' lang='grc' dir='ltr'>μὲν</span> <span class='ocrx_word' id='word_1_66' title='bbox 1207 1029 1301 1090; x_wconf 80' lang='grc' dir='ltr'>ποσοῦ</span> <span class='ocrx_word' id='word_1_67' title='bbox 1329 1024 1394 1110; x_wconf 74' lang='grc' dir='ltr'>εἴδη</span> <span class='ocrx_word' id='word_1_68' title='bbox 1424 1027 1522 1091; x_wconf 80' lang='grc' dir='ltr'>ἔνδεια</span> <span class='ocrx_word' id='word_1_69' title='bbox 1549 1031 1598 1094; x_wconf 75' lang='grc' dir='ltr'>καὶ</span> <span class='ocrx_word' id='word_1_70' title='bbox 1627 1033 1824 1116; x_wconf 75' lang='grc' dir='ltr'>πλεονασμός.</span> <span class='ocrx_word' id='word_1_71' title='bbox 1851 1041 1904 1100; x_wconf 77' lang='grc' dir='ltr'>τοῦ</span> <span class='ocrx_word' id='word_1_72' title='bbox 1932 1038 1964 1100; x_wconf 84' lang='grc' dir='ltr'>δὲ</span> 
     </span>
     <span class='ocr_line' id='line_1_8' title="bbox 385 1137 1960 1226; baseline -0.003 -20"><span class='ocrx_word' id='word_1_73' title='bbox 385 1144 474 1206; x_wconf 78' lang='grc' dir='ltr'>ποιοῦ</span> <span class='ocrx_word' id='word_1_74' title='bbox 499 1141 656 1223; x_wconf 79' lang='grc' dir='ltr'>μετάθεσις</span> <span class='ocrx_word' id='word_1_75' title='bbox 677 1141 727 1202; x_wconf 81' lang='grc' dir='ltr'>καὶ</span> <span class='ocrx_word' id='word_1_76' title='bbox 752 1139 925 1224; x_wconf 78' lang='grc' dir='ltr'>μετάληψις.</span> <span class='ocrx_word' id='word_1_77' title='bbox 950 1138 1125 1222; x_wconf 81' lang='grc' dir='ltr'>ἀμφοτέρων</span> <span class='ocrx_word' id='word_1_78' title='bbox 1149 1137 1181 1200; x_wconf 83' lang='grc' dir='ltr'>δὲ</span> <span class='ocrx_word' id='word_1_79' title='bbox 1205 1137 1281 1220; x_wconf 73' lang='lat' dir='ltr'>epod</span> <span class='ocrx_word' id='word_1_80' title='bbox 1305 1137 1506 1202; x_wconf 74' lang='grc' dir='ltr'>συνελθόντων</span> <span class='ocrx_word' id='word_1_81' title='bbox 1529 1144 1635 1223; x_wconf 80' lang='grc' dir='ltr'>τμῆσις</span> <span class='ocrx_word' id='word_1_82' title='bbox 1658 1143 1795 1226; x_wconf 82' lang='grc' dir='ltr'>γίγνεται.</span> <span class='ocrx_word' id='word_1_83' title='bbox 1825 1165 1863 1208; x_wconf 79' lang='lat' dir='ltr'>au</span> <span class='ocrx_word' id='word_1_84' title='bbox 1886 1167 1960 1210; x_wconf 80' lang='lat' dir='ltr'>oum</span> 
     </span>
     <span class='ocr_line' id='line_1_9' title="bbox 386 1247 1964 1338; baseline 0.003 -21"><span class='ocrx_word' id='word_1_85' title='bbox 386 1252 582 1318; x_wconf 73' lang='lat' dir='ltr'>metathesis</span> <span class='ocrx_word' id='word_1_86' title='bbox 604 1249 800 1334; x_wconf 84' lang='lat' dir='ltr'>metalepsis</span> <span class='ocrx_word' id='word_1_87' title='bbox 823 1249 941 1314; x_wconf 89' lang='lat' dir='ltr'>tmesis</span> <span class='ocrx_word' id='word_1_88' title='bbox 963 1249 1070 1332; x_wconf 87' lang='lat' dir='ltr'>magis</span> <span class='ocrx_word' id='word_1_89' title='bbox 1092 1249 1257 1314; x_wconf 90' lang='lat' dir='ltr'>minutam</span> <span class='ocrx_word' id='word_1_90' title='bbox 1285 1247 1484 1315; x_wconf 79' lang='lat' dir='ltr'>divisionem</span> <span class='ocrx_word' id='word_1_91' title='bbox 1512 1271 1580 1314; x_wconf 93' lang='lat' dir='ltr'>non</span> <span class='ocrx_word' id='word_1_92' title='bbox 1603 1250 1790 1330; x_wconf 88' lang='lat' dir='ltr'>admittant,</span> <span class='ocrx_word' id='word_1_93' title='bbox 1814 1257 1964 1338; x_wconf 89' lang='lat' dir='ltr'>priorum</span> 
     </span>
     <span class='ocr_line' id='line_1_10' title="bbox 384 1357 1963 1447; baseline 0.002 -19"><span class='ocrx_word' id='word_1_94' title='bbox 384 1381 559 1447; x_wconf 77' lang='lat' dir='ltr'>generum:</span> <span class='ocrx_word' id='word_1_95' title='bbox 595 1359 783 1446; x_wconf 88' lang='lat' dir='ltr'>pleonasmi</span> <span class='ocrx_word' id='word_1_96' title='bbox 810 1366 845 1426; x_wconf 88' lang='lat' dir='ltr'>et</span> <span class='ocrx_word' id='word_1_97' title='bbox 871 1359 1000 1443; x_wconf 88' lang='lat' dir='ltr'>ellipsis</span> <span class='ocrx_word' id='word_1_98' title='bbox 1029 1357 1280 1424; x_wconf 88' lang='lat' dir='ltr'>constituuntur</span> <span class='ocrx_word' id='word_1_99' title='bbox 1307 1359 1435 1442; x_wconf 91' lang='lat' dir='ltr'>species</span> <span class='ocrx_word' id='word_1_100' title='bbox 1469 1379 1590 1424; x_wconf 84' lang='lat' dir='ltr'>novem</span> <span class='ocrx_word' id='word_1_101' title='bbox 1623 1361 1738 1427; x_wconf 90' lang='lat' dir='ltr'>haece:</span> <span class='ocrx_word' id='word_1_102' title='bbox 1776 1366 1963 1447; x_wconf 89' lang='lat' dir='ltr'>prosthesis</span> 
     </span>
     <span class='ocr_line' id='line_1_11' title="bbox 383 1468 1962 1558; baseline 0.001 -20"><span class='ocrx_word' id='word_1_103' title='bbox 383 1471 587 1555; x_wconf 77' lang='lat' dir='ltr'>anadiplosis</span> <span class='ocrx_word' id='word_1_104' title='bbox 616 1470 736 1536; x_wconf 87' lang='lat' dir='ltr'>ectasis</span> <span class='ocrx_word' id='word_1_105' title='bbox 760 1469 924 1554; x_wconf 87' lang='lat' dir='ltr'>epectasis</span> <span class='ocrx_word' id='word_1_106' title='bbox 952 1468 1110 1534; x_wconf 90' lang='lat' dir='ltr'>diaeresis</span> <span class='ocrx_word' id='word_1_107' title='bbox 1137 1469 1356 1553; x_wconf 77' lang='lat' dir='ltr'>parenthesis</span> <span class='ocrx_word' id='word_1_108' title='bbox 1377 1468 1612 1553; x_wconf 89' lang='lat' dir='ltr'>diplasiasmus</span> <span class='ocrx_word' id='word_1_109' title='bbox 1639 1475 1863 1556; x_wconf 83' lang='lat' dir='ltr'>peremptosis</span> <span class='ocrx_word' id='word_1_110' title='bbox 1885 1498 1962 1558; x_wconf 91' lang='lat' dir='ltr'>pro·</span> 
     </span>
     <span class='ocr_line' id='line_1_12' title="bbox 384 1579 1962 1668; baseline 0.001 -20"><span class='ocrx_word' id='word_1_111' title='bbox 384 1582 638 1650; x_wconf 84' lang='lat' dir='ltr'>schematismos</span> <span class='ocrx_word' id='word_1_112' title='bbox 661 1590 696 1645; x_wconf 89' lang='lat' dir='ltr'>ct</span> <span class='ocrx_word' id='word_1_113' title='bbox 718 1599 802 1662; x_wconf 89' lang='lat' dir='ltr'>quae</span> <span class='ocrx_word' id='word_1_114' title='bbox 825 1579 873 1644; x_wconf 90' lang='lat' dir='ltr'>eis</span> <span class='ocrx_word' id='word_1_115' title='bbox 897 1579 1082 1644; x_wconf 89' lang='lat' dir='ltr'>contrariae</span> <span class='ocrx_word' id='word_1_116' title='bbox 1105 1586 1184 1645; x_wconf 90' lang='lat' dir='ltr'>sunt</span> <span class='ocrx_word' id='word_1_117' title='bbox 1206 1585 1239 1643; x_wconf 88' lang='lat' dir='ltr'>et</span> <span class='ocrx_word' id='word_1_118' title='bbox 1260 1579 1354 1662; x_wconf 87' lang='lat' dir='ltr'>ipsae</span> <span class='ocrx_word' id='word_1_119' title='bbox 1376 1601 1512 1647; x_wconf 87' lang='lat' dir='ltr'>novem:</span> <span class='ocrx_word' id='word_1_120' title='bbox 1541 1583 1696 1668; x_wconf 81' lang='grc' dir='ltr'>ἀφαίρεσις</span> <span class='ocrx_word' id='word_1_121' title='bbox 1725 1583 1808 1667; x_wconf 84' lang='grc' dir='ltr'>ἄρσις</span> <span class='ocrx_word' id='word_1_122' title='bbox 1832 1588 1962 1668; x_wconf 81' lang='grc' dir='ltr'>συστολὴ</span> 
     </span>
     <span class='ocr_line' id='line_1_13' title="bbox 385 1688 1964 1778; baseline -0.003 -20"><span class='ocrx_word' id='word_1_123' title='bbox 385 1693 518 1776; x_wconf 77' lang='grc' dir='ltr'>συγκοπὴ</span> <span class='ocrx_word' id='word_1_124' title='bbox 549 1691 715 1778; x_wconf 82' lang='grc' dir='ltr'>συναλοιφὴ</span> <span class='ocrx_word' id='word_1_125' title='bbox 743 1689 874 1776; x_wconf 81' lang='grc' dir='ltr'>ἔλλειψις</span> <span class='ocrx_word' id='word_1_126' title='bbox 900 1691 1090 1776; x_wconf 80' lang='grc' dir='ltr'>παρέλλειψις</span> <span class='ocrx_word' id='word_1_127' title='bbox 1116 1688 1249 1776; x_wconf 60' lang='lat' dir='ltr'>{abacta</span> <span class='ocrx_word' id='word_1_128' title='bbox 1279 1689 1429 1774; x_wconf 80' lang='grc' dir='ltr'>ἀποκοπή.</span> <span class='ocrx_word' id='word_1_129' title='bbox 1472 1690 1659 1778; x_wconf 82' lang='grc' dir='ltr'>Συναλοιφῆς</span> <span class='ocrx_word' id='word_1_130' title='bbox 1687 1693 1815 1775; x_wconf 88' lang='lat' dir='ltr'>species</span> <span class='ocrx_word' id='word_1_131' title='bbox 1842 1695 1964 1760; x_wconf 87' lang='lat' dir='ltr'>iterum</span> 
     </span>
     <span class='ocr_line' id='line_1_14' title="bbox 383 1800 1962 1888; baseline 0 -20"><span class='ocrx_word' id='word_1_132' title='bbox 383 1802 546 1886; x_wconf 83' lang='lat' dir='ltr'>singulari</span> <span class='ocrx_word' id='word_1_133' title='bbox 568 1801 743 1886; x_wconf 88' lang='lat' dir='ltr'>diligentia</span> <span class='ocrx_word' id='word_1_134' title='bbox 765 1801 1030 1886; x_wconf 89' lang='lat' dir='ltr'>distinguuntur:</span> <span class='ocrx_word' id='word_1_135' title='bbox 1053 1808 1122 1865; x_wconf 89' lang='lat' dir='ltr'>tres</span> <span class='ocrx_word' id='word_1_136' title='bbox 1150 1800 1318 1883; x_wconf 89' lang='lat' dir='ltr'>simplices</span> <span class='ocrx_word' id='word_1_137' title='bbox 1340 1801 1416 1865; x_wconf 86' lang='grc' dir='ltr'>κατὰ</span> <span class='ocrx_word' id='word_1_138' title='bbox 1431 1801 1530 1886; x_wconf 68' lang='lat' dir='ltr'>blida</span> <span class='ocrx_word' id='word_1_139' title='bbox 1554 1805 1657 1886; x_wconf 83' lang='grc' dir='ltr'>κρᾶσιν</span> <span class='ocrx_word' id='word_1_140' title='bbox 1674 1803 1850 1888; x_wconf 82' lang='grc' dir='ltr'>συναίρεσιν,</span> <span class='ocrx_word' id='word_1_141' title='bbox 1874 1825 1962 1870; x_wconf 93' lang='lat' dir='ltr'>com-</span> 
     </span>
     <span class='ocr_line' id='line_1_15' title="bbox 382 1910 1963 1999; baseline 0 -21"><span class='ocrx_word' id='word_1_142' title='bbox 382 1914 511 1998; x_wconf 84' lang='lat' dir='ltr'>positae</span> <span class='ocrx_word' id='word_1_143' title='bbox 533 1919 703 1995; x_wconf 87' lang='lat' dir='ltr'>quattuor:</span> <span class='ocrx_word' id='word_1_144' title='bbox 731 1910 808 1976; x_wconf 86' lang='grc' dir='ltr'>κατά</span> <span class='ocrx_word' id='word_1_145' title='bbox 830 1914 930 1996; x_wconf 83' lang='grc' dir='ltr'>δλῖψιν</span> <span class='ocrx_word' id='word_1_146' title='bbox 954 1913 1003 1974; x_wconf 83' lang='grc' dir='ltr'>καὶ</span> <span class='ocrx_word' id='word_1_147' title='bbox 1026 1916 1143 1999; x_wconf 80' lang='grc' dir='ltr'>κρᾶσιν,</span> <span class='ocrx_word' id='word_1_148' title='bbox 1172 1911 1249 1972; x_wconf 83' lang='grc' dir='ltr'>κατὰ</span> <span class='ocrx_word' id='word_1_149' title='bbox 1271 1911 1371 1996; x_wconf 60' lang='lat' dir='ltr'>blica</span> <span class='ocrx_word' id='word_1_150' title='bbox 1399 1913 1449 1975; x_wconf 85' lang='grc' dir='ltr'>καὶ</span> <span class='ocrx_word' id='word_1_151' title='bbox 1472 1915 1649 1997; x_wconf 77' lang='grc' dir='ltr'>συναίρεσιν,</span> <span class='ocrx_word' id='word_1_152' title='bbox 1679 1913 1755 1978; x_wconf 83' lang='grc' dir='ltr'>κατὰ</span> <span class='ocrx_word' id='word_1_153' title='bbox 1782 1919 1884 1998; x_wconf 84' lang='grc' dir='ltr'>κρᾶσιν</span> <span class='ocrx_word' id='word_1_154' title='bbox 1913 1918 1963 1978; x_wconf 81' lang='grc' dir='ltr'>καὶ</span> 
     </span>
     <span class='ocr_line' id='line_1_16' title="bbox 384 2001 1963 2109; baseline 0.001 -21"><span class='ocrx_word' id='word_1_155' title='bbox 384 2001 559 2109; x_wconf 80' lang='grc' dir='ltr'>συναίρεσιν,</span> <span class='ocrx_word' id='word_1_156' title='bbox 583 2025 658 2088; x_wconf 86' lang='grc' dir='ltr'>κατὰ</span> <span class='ocrx_word' id='word_1_157' title='bbox 673 2025 775 2108; x_wconf 66' lang='lat' dir='ltr'>eltae</span> <span class='ocrx_word' id='word_1_158' title='bbox 791 2025 840 2087; x_wconf 82' lang='grc' dir='ltr'>καὶ</span> <span class='ocrx_word' id='word_1_159' title='bbox 855 2026 957 2108; x_wconf 81' lang='grc' dir='ltr'>κρᾶσιν</span> <span class='ocrx_word' id='word_1_160' title='bbox 973 2024 1023 2086; x_wconf 83' lang='grc' dir='ltr'>καὶ</span> <span class='ocrx_word' id='word_1_161' title='bbox 1038 2024 1207 2106; x_wconf 74' lang='grc' dir='ltr'>συναίρεσιν.</span> <span class='ocrx_word' id='word_1_162' title='bbox 1230 2059 1269 2066; x_wconf 94' lang='grc'>-</span> <span class='ocrx_word' id='word_1_163' title='bbox 1295 2019 1358 2084; x_wconf 85' lang='lat' dir='ltr'>Oui</span> <span class='ocrx_word' id='word_1_164' title='bbox 1381 2021 1590 2086; x_wconf 86' lang='lat' dir='ltr'>simillimum</span> <span class='ocrx_word' id='word_1_165' title='bbox 1613 2031 1665 2088; x_wconf 82' lang='lat' dir='ltr'>cst</span> <span class='ocrx_word' id='word_1_166' title='bbox 1688 2033 1787 2107; x_wconf 85' lang='lat' dir='ltr'>caput</span> <span class='ocrx_word' id='word_1_167' title='bbox 1810 2046 1827 2090; x_wconf 89' lang='lat' dir='ltr'>e</span> <span class='ocrx_word' id='word_1_168' title='bbox 1851 2025 1963 2091; x_wconf 86' lang='lat' dir='ltr'>codice</span> 
     </span>
     <span class='ocr_line' id='line_1_17' title="bbox 382 2131 1964 2217; baseline -0.002 -17"><span class='ocrx_word' id='word_1_169' title='bbox 382 2135 539 2200; x_wconf 86' lang='lat' dir='ltr'>Parisino</span> <span class='ocrx_word' id='word_1_170' title='bbox 562 2156 611 2199; x_wconf 91' lang='lat' dir='ltr'>nr.</span> <span class='ocrx_word' id='word_1_171' title='bbox 634 2132 718 2198; x_wconf 91' lang='grc'><strong>2662</strong></span> <span class='ocrx_word' id='word_1_172' title='bbox 741 2133 952 2216; x_wconf 90' lang='lat' dir='ltr'>Moschcpuli</span> <span class='ocrx_word' id='word_1_173' title='bbox 979 2133 1113 2197; x_wconf 89' lang='lat' dir='ltr'>nomine</span> <span class='ocrx_word' id='word_1_174' title='bbox 1141 2131 1405 2214; x_wconf 74' lang='lat' dir='ltr'>descriptum⁴³):</span> <span class='ocrx_word' id='word_1_175' title='bbox 1434 2133 1501 2198; x_wconf 88' lang='lat' dir='ltr'>nisi</span> <span class='ocrx_word' id='word_1_176' title='bbox 1524 2133 1611 2216; x_wconf 89' lang='lat' dir='ltr'>quod</span> <span class='ocrx_word' id='word_1_177' title='bbox 1634 2134 1751 2210; x_wconf 92' lang='lat' dir='ltr'>tribus,</span> <span class='ocrx_word' id='word_1_178' title='bbox 1780 2155 1863 2217; x_wconf 85' lang='lat' dir='ltr'>quae</span> <span class='ocrx_word' id='word_1_179' title='bbox 1886 2136 1964 2198; x_wconf 83' lang='grc' dir='ltr'>κατὰ</span> 
     </span>
     <span class='ocr_line' id='line_1_18' title="bbox 382 2241 1961 2327; baseline 0.001 -17"><span class='ocrx_word' id='word_1_180' title='bbox 382 2247 465 2310; x_wconf 89' lang='grc' dir='ltr'>ποιδν</span> <span class='ocrx_word' id='word_1_181' title='bbox 483 2253 570 2322; x_wconf 90' lang='lat' dir='ltr'>sunt,</span> <span class='ocrx_word' id='word_1_182' title='bbox 595 2243 826 2309; x_wconf 85' lang='lat' dir='ltr'>affectionibus</span> <span class='ocrx_word' id='word_1_183' title='bbox 841 2244 941 2327; x_wconf 91' lang='lat' dir='ltr'>plane</span> <span class='ocrx_word' id='word_1_184' title='bbox 964 2243 1097 2308; x_wconf 89' lang='lat' dir='ltr'>omissis</span> <span class='ocrx_word' id='word_1_185' title='bbox 1121 2248 1306 2308; x_wconf 90' lang='lat' dir='ltr'>ceterarum</span> <span class='ocrx_word' id='word_1_186' title='bbox 1329 2241 1408 2307; x_wconf 90' lang='lat' dir='ltr'>crdo</span> <span class='ocrx_word' id='word_1_187' title='bbox 1430 2243 1479 2308; x_wconf 92' lang='lat' dir='ltr'>ita</span> <span class='ocrx_word' id='word_1_188' title='bbox 1500 2244 1696 2310; x_wconf 90' lang='lat' dir='ltr'>immutatus</span> <span class='ocrx_word' id='word_1_189' title='bbox 1720 2251 1779 2321; x_wconf 89' lang='lat' dir='ltr'>est,</span> <span class='ocrx_word' id='word_1_190' title='bbox 1803 2253 1841 2309; x_wconf 91' lang='lat' dir='ltr'>ut</span> <span class='ocrx_word' id='word_1_191' title='bbox 1863 2245 1961 2312; x_wconf 87' lang='lat' dir='ltr'>binae</span> 
     </span>
     <span class='ocr_line' id='line_1_19' title="bbox 378 2353 1961 2451; baseline 0.002 -32"><span class='ocrx_word' id='word_1_192' title='bbox 378 2355 468 2420; x_wconf 89' lang='lat' dir='ltr'>inter</span> <span class='ocrx_word' id='word_1_193' title='bbox 495 2375 532 2420; x_wconf 87' lang='lat' dir='ltr'>sc</span> <span class='ocrx_word' id='word_1_194' title='bbox 561 2355 733 2438; x_wconf 89' lang='lat' dir='ltr'>oppositae</span> <span class='ocrx_word' id='word_1_195' title='bbox 763 2375 836 2419; x_wconf 88' lang='lat' dir='ltr'>sese</span> <span class='ocrx_word' id='word_1_196' title='bbox 865 2355 1035 2437; x_wconf 82' lang='lat' dir='ltr'>excipiant</span> <span class='ocrx_word' id='word_1_197' title='bbox 1064 2353 1174 2438; x_wconf 78' lang='lat' dir='ltr'>(velut</span> <span class='ocrx_word' id='word_1_198' title='bbox 1200 2353 1560 2451; x_wconf 67' lang='grc' dir='ltr'>πρόσδεσις;ἀφαι’ρεσις).</span> <span class='ocrx_word' id='word_1_199' title='bbox 1598 2354 1779 2437; x_wconf 86' lang='lat' dir='ltr'>disputatio</span> <span class='ocrx_word' id='word_1_200' title='bbox 1812 2377 1893 2421; x_wconf 86' lang='lat' dir='ltr'>vero</span> <span class='ocrx_word' id='word_1_201' title='bbox 1921 2356 1961 2422; x_wconf 92' lang='lat' dir='ltr'>de</span> 
     </span>
     <span class='ocr_line' id='line_1_20' title="bbox 380 2463 1962 2549; baseline 0 -19"><span class='ocrx_word' id='word_1_202' title='bbox 380 2465 586 2549; x_wconf 87' lang='lat' dir='ltr'>synaloephe</span> <span class='ocrx_word' id='word_1_203' title='bbox 610 2464 689 2541; x_wconf 90' lang='lat' dir='ltr'>sola,</span> <span class='ocrx_word' id='word_1_204' title='bbox 719 2483 803 2546; x_wconf 90' lang='lat' dir='ltr'>quac</span> <span class='ocrx_word' id='word_1_205' title='bbox 825 2463 970 2528; x_wconf 87' lang='lat' dir='ltr'>maxime</span> <span class='ocrx_word' id='word_1_206' title='bbox 993 2463 1284 2548; x_wconf 87' lang='lat' dir='ltr'>grammaticorum</span> <span class='ocrx_word' id='word_1_207' title='bbox 1307 2463 1435 2528; x_wconf 90' lang='lat' dir='ltr'>animos</span> <span class='ocrx_word' id='word_1_208' title='bbox 1463 2464 1609 2529; x_wconf 81' lang='lat' dir='ltr'>movisse</span> <span class='ocrx_word' id='word_1_209' title='bbox 1633 2463 1780 2541; x_wconf 88' lang='lat' dir='ltr'>videtur,</span> <span class='ocrx_word' id='word_1_210' title='bbox 1814 2465 1850 2528; x_wconf 90' lang='lat' dir='ltr'>in</span> <span class='ocrx_word' id='word_1_211' title='bbox 1873 2487 1962 2531; x_wconf 90' lang='lat' dir='ltr'>ccm-</span> 
     </span>
     <span class='ocr_line' id='line_1_21' title="bbox 379 2571 1962 2660; baseline 0.001 -20"><span class='ocrx_word' id='word_1_212' title='bbox 379 2575 582 2640; x_wconf 89' lang='lat' dir='ltr'>mentarium</span> <span class='ocrx_word' id='word_1_213' title='bbox 605 2573 646 2638; x_wconf 93' lang='lat' dir='ltr'>ad</span> <span class='ocrx_word' id='word_1_214' title='bbox 668 2574 859 2660; x_wconf 88' lang='lat' dir='ltr'>prosodiam</span> <span class='ocrx_word' id='word_1_215' title='bbox 881 2574 1108 2658; x_wconf 89' lang='lat' dir='ltr'>conscriptum</span> <span class='ocrx_word' id='word_1_216' title='bbox 1131 2573 1209 2654; x_wconf 84' lang='lat' dir='ltr'>(BA</span> <span class='ocrx_word' id='word_1_217' title='bbox 1223 2571 1296 2650; x_wconf 81' lang='lat'>697,</span> <span class='ocrx_word' id='word_1_218' title='bbox 1319 2571 1360 2636; x_wconf 89' lang='grc'>23</span> <span class='ocrx_word' id='word_1_219' title='bbox 1387 2577 1444 2654; x_wconf 84' lang='lat' dir='ltr'>ss.)</span> <span class='ocrx_word' id='word_1_220' title='bbox 1468 2582 1544 2656; x_wconf 91' lang='lat' dir='ltr'>post</span> <span class='ocrx_word' id='word_1_221' title='bbox 1567 2574 1741 2659; x_wconf 88' lang='lat' dir='ltr'>ecthlipsis</span> <span class='ocrx_word' id='word_1_222' title='bbox 1756 2576 1962 2642; x_wconf 89' lang='lat' dir='ltr'>mentionem</span> 
     </span>
     <span class='ocr_line' id='line_1_22' title="bbox 378 2683 1962 2770; baseline 0.001 -20"><span class='ocrx_word' id='word_1_223' title='bbox 378 2693 515 2770; x_wconf 88' lang='lat' dir='ltr'>recepta</span> <span class='ocrx_word' id='word_1_224' title='bbox 530 2692 594 2750; x_wconf 88' lang='lat' dir='ltr'>est:</span> <span class='ocrx_word' id='word_1_225' title='bbox 618 2683 760 2768; x_wconf 89' lang='lat' dir='ltr'>denique</span> <span class='ocrx_word' id='word_1_226' title='bbox 782 2684 902 2750; x_wconf 83' lang='lat' dir='ltr'>breves</span> <span class='ocrx_word' id='word_1_227' title='bbox 925 2684 1067 2762; x_wconf 91' lang='lat' dir='ltr'>tabulae,</span> <span class='ocrx_word' id='word_1_228' title='bbox 1097 2683 1215 2767; x_wconf 90' lang='lat' dir='ltr'>quibus</span> <span class='ocrx_word' id='word_1_229' title='bbox 1239 2683 1372 2750; x_wconf 78' lang='lat' dir='ltr'>diversa</span> <span class='ocrx_word' id='word_1_230' title='bbox 1394 2684 1607 2750; x_wconf 89' lang='lat' dir='ltr'>affectionum</span> <span class='ocrx_word' id='word_1_231' title='bbox 1630 2686 1767 2750; x_wconf 91' lang='lat' dir='ltr'>nomina</span> <span class='ocrx_word' id='word_1_232' title='bbox 1789 2687 1962 2753; x_wconf 90' lang='lat' dir='ltr'>nonnullis</span> 
     </span>
     <span class='ocr_line' id='line_1_23' title="bbox 379 2793 1960 2882; baseline 0.001 -22"><span class='ocrx_word' id='word_1_233' title='bbox 379 2795 541 2878; x_wconf 86' lang='lat' dir='ltr'>exemplis</span> <span class='ocrx_word' id='word_1_234' title='bbox 565 2793 686 2860; x_wconf 90' lang='lat' dir='ltr'>additis</span> <span class='ocrx_word' id='word_1_235' title='bbox 708 2796 815 2880; x_wconf 88' lang='lat' dir='ltr'>magis</span> <span class='ocrx_word' id='word_1_236' title='bbox 839 2802 1078 2860; x_wconf 89' lang='lat' dir='ltr'>enumerantur</span> <span class='ocrx_word' id='word_1_237' title='bbox 1101 2816 1200 2878; x_wconf 88' lang='lat' dir='ltr'>quam</span> <span class='ocrx_word' id='word_1_238' title='bbox 1223 2794 1441 2877; x_wconf 82' lang='lat' dir='ltr'>explicantur,</span> <span class='ocrx_word' id='word_1_239' title='bbox 1466 2795 1553 2879; x_wconf 87' lang='lat' dir='ltr'>apud</span> <span class='ocrx_word' id='word_1_240' title='bbox 1569 2795 1714 2861; x_wconf 69' lang='lat' dir='ltr'>Titcium</span> <span class='ocrx_word' id='word_1_241' title='bbox 1734 2797 1770 2860; x_wconf 90' lang='lat' dir='ltr'>in</span> <span class='ocrx_word' id='word_1_242' title='bbox 1792 2797 1960 2882; x_wconf 90' lang='lat' dir='ltr'>farragine</span> 
     </span>
     <span class='ocr_line' id='line_1_24' title="bbox 379 2903 1960 2991; baseline 0.001 -21"><span class='ocrx_word' id='word_1_243' title='bbox 379 2904 750 2972; x_wconf 89' lang='lat' dir='ltr'>dissertatiuncularum</span> <span class='ocrx_word' id='word_1_244' title='bbox 773 2911 898 2982; x_wconf 89' lang='lat' dir='ltr'>extant,</span> <span class='ocrx_word' id='word_1_245' title='bbox 923 2925 1006 2988; x_wconf 91' lang='lat' dir='ltr'>quae</span> <span class='ocrx_word' id='word_1_246' title='bbox 1028 2903 1402 2988; x_wconf 87' lang='lat' dir='ltr'>Pseudo-Moschcpuli</span> <span class='ocrx_word' id='word_1_247' title='bbox 1425 2905 1605 2987; x_wconf 79' lang='lat' dir='ltr'>epitomem</span> <span class='ocrx_word' id='word_1_248' title='bbox 1628 2907 1801 2990; x_wconf 90' lang='lat' dir='ltr'>excipiunt</span> <span class='ocrx_word' id='word_1_249' title='bbox 1822 2929 1854 2991; x_wconf 91' lang='lat' dir='ltr'>p.</span> <span class='ocrx_word' id='word_1_250' title='bbox 1870 2908 1912 2972; x_wconf 88' lang='lat'>58</span> <span class='ocrx_word' id='word_1_251' title='bbox 1936 2929 1960 2972; x_wconf 92' lang='lat' dir='ltr'>s.</span> 
     </span>
     <span class='ocr_line' id='line_1_25' title="bbox 380 3014 1960 3100; baseline 0.001 -19"><span class='ocrx_word' id='word_1_252' title='bbox 380 3015 580 3099; x_wconf 87' lang='lat' dir='ltr'>eaedemque</span> <span class='ocrx_word' id='word_1_253' title='bbox 604 3037 623 3080; x_wconf 89' lang='lat' dir='ltr'>a</span> <span class='ocrx_word' id='word_1_254' title='bbox 644 3015 875 3081; x_wconf 90' lang='lat' dir='ltr'>Boissonnade</span> <span class='ocrx_word' id='word_1_255' title='bbox 903 3015 1089 3098; x_wconf 89' lang='lat' dir='ltr'>descriptae</span> <span class='ocrx_word' id='word_1_256' title='bbox 1115 3015 1151 3078; x_wconf 92' lang='lat' dir='ltr'>in</span> <span class='ocrx_word' id='word_1_257' title='bbox 1179 3014 1290 3080; x_wconf 90' lang='lat' dir='ltr'>anecd.</span> <span class='ocrx_word' id='word_1_258' title='bbox 1314 3035 1420 3098; x_wconf 88' lang='lat' dir='ltr'>graec.</span> <span class='ocrx_word' id='word_1_259' title='bbox 1443 3014 1498 3078; x_wconf 94' lang='grc' dir='ltr'>ΙΙΙ</span> <span class='ocrx_word' id='word_1_260' title='bbox 1524 3037 1555 3098; x_wconf 89' lang='lat' dir='ltr'>p.</span> <span class='ocrx_word' id='word_1_261' title='bbox 1571 3014 1643 3078; x_wconf 83' lang='grc'>321.</span> <span class='ocrx_word' id='word_1_262' title='bbox 1692 3015 1745 3080; x_wconf 83' lang='lat' dir='ltr'>Ea</span> <span class='ocrx_word' id='word_1_263' title='bbox 1771 3037 1852 3082; x_wconf 89' lang='lat' dir='ltr'>vero</span> <span class='ocrx_word' id='word_1_264' title='bbox 1876 3038 1960 3100; x_wconf 89' lang='lat' dir='ltr'>quae</span> 
     </span>
     <span class='ocr_line' id='line_1_26' title="bbox 378 3124 1962 3212; baseline 0 -22"><span class='ocrx_word' id='word_1_265' title='bbox 378 3127 415 3190; x_wconf 90' lang='lat' dir='ltr'>in</span> <span class='ocrx_word' id='word_1_266' title='bbox 442 3127 590 3210; x_wconf 90' lang='lat' dir='ltr'>epitoma</span> <span class='ocrx_word' id='word_1_267' title='bbox 616 3133 733 3192; x_wconf 87' lang='lat' dir='ltr'>nostra</span> <span class='ocrx_word' id='word_1_268' title='bbox 758 3129 824 3212; x_wconf 80' lang='lat' dir='ltr'>aspi</span> <span class='ocrx_word' id='word_1_269' title='bbox 850 3126 954 3190; x_wconf 80' lang='grc' dir='ltr'>ποδῶν</span> <span class='ocrx_word' id='word_1_270' title='bbox 981 3124 1175 3190; x_wconf 87' lang='lat' dir='ltr'>inscribitur</span> <span class='ocrx_word' id='word_1_271' title='bbox 1208 3125 1441 3190; x_wconf 89' lang='lat' dir='ltr'>commentatio</span> <span class='ocrx_word' id='word_1_272' title='bbox 1476 3125 1584 3204; x_wconf 88' lang='lat' dir='ltr'>(cuius</span> <span class='ocrx_word' id='word_1_273' title='bbox 1613 3144 1713 3190; x_wconf 86' lang='lat' dir='ltr'>causa</span> <span class='ocrx_word' id='word_1_274' title='bbox 1740 3125 1822 3192; x_wconf 91' lang='lat' dir='ltr'>haec</span> <span class='ocrx_word' id='word_1_275' title='bbox 1850 3129 1962 3192; x_wconf 90' lang='lat' dir='ltr'>omnia</span> 
     </span>
     <span class='ocr_line' id='line_1_27' title="bbox 379 3234 1961 3322; baseline -0.002 -19"><span class='ocrx_word' id='word_1_276' title='bbox 379 3237 591 3322; x_wconf 88' lang='lat' dir='ltr'>praemunita</span> <span class='ocrx_word' id='word_1_277' title='bbox 613 3241 705 3320; x_wconf 89' lang='lat' dir='ltr'>sunt)</span> <span class='ocrx_word' id='word_1_278' title='bbox 733 3244 803 3301; x_wconf 90' lang='lat' dir='ltr'>tam</span> <span class='ocrx_word' id='word_1_279' title='bbox 831 3236 951 3301; x_wconf 88' lang='lat' dir='ltr'>similis</span> <span class='ocrx_word' id='word_1_280' title='bbox 979 3241 1031 3300; x_wconf 90' lang='lat' dir='ltr'>est</span> <span class='ocrx_word' id='word_1_281' title='bbox 1057 3235 1240 3319; x_wconf 89' lang='lat' dir='ltr'>particulae</span> <span class='ocrx_word' id='word_1_282' title='bbox 1267 3235 1303 3298; x_wconf 92' lang='lat' dir='ltr'>in</span> <span class='ocrx_word' id='word_1_283' title='bbox 1325 3235 1389 3298; x_wconf 88' lang='lat' dir='ltr'>Ios.</span> <span class='ocrx_word' id='word_1_284' title='bbox 1412 3234 1652 3320; x_wconf 88' lang='lat' dir='ltr'>Rhaccndytae</span> <span class='ocrx_word' id='word_1_285' title='bbox 1681 3236 1820 3320; x_wconf 88' lang='lat' dir='ltr'>synopsi</span> <span class='ocrx_word' id='word_1_286' title='bbox 1848 3235 1961 3318; x_wconf 83' lang='lat' dir='ltr'>(Walc</span> 
     </span>
     <span class='ocr_line' id='line_1_28' title="bbox 379 3345 1960 3432; baseline 0 -21"><span class='ocrx_word' id='word_1_287' title='bbox 379 3347 461 3414; x_wconf 88' lang='lat' dir='ltr'>rhet.</span> <span class='ocrx_word' id='word_1_288' title='bbox 485 3368 591 3432; x_wconf 85' lang='lat' dir='ltr'>graec.</span> <span class='ocrx_word' id='word_1_289' title='bbox 607 3346 662 3412; x_wconf 91' lang='lat' dir='ltr'>HI</span> <span class='ocrx_word' id='word_1_290' title='bbox 683 3369 714 3431; x_wconf 90' lang='lat' dir='ltr'>p.</span> <span class='ocrx_word' id='word_1_291' title='bbox 729 3347 887 3429; x_wconf 85' lang='grc'><strong>565-569)</strong></span> <span class='ocrx_word' id='word_1_292' title='bbox 910 3345 1022 3430; x_wconf 87' lang='lat' dir='ltr'>paullo</span> <span class='ocrx_word' id='word_1_293' title='bbox 1046 3347 1228 3414; x_wconf 90' lang='lat' dir='ltr'>correctius</span> <span class='ocrx_word' id='word_1_294' title='bbox 1252 3347 1467 3430; x_wconf 87' lang='lat' dir='ltr'>conscriptae,</span> <span class='ocrx_word' id='word_1_295' title='bbox 1491 3353 1528 3410; x_wconf 92' lang='lat' dir='ltr'>ut</span> <span class='ocrx_word' id='word_1_296' title='bbox 1549 3345 1627 3410; x_wconf 91' lang='lat' dir='ltr'>inde</span> <span class='ocrx_word' id='word_1_297' title='bbox 1643 3347 1738 3411; x_wconf 87' lang='lat' dir='ltr'>velut</span> <span class='ocrx_word' id='word_1_298' title='bbox 1753 3368 1796 3411; x_wconf 92' lang='lat' dir='ltr'>ex</span> <span class='ocrx_word' id='word_1_299' title='bbox 1811 3346 1960 3412; x_wconf 88' lang='lat' dir='ltr'>eiusdem</span> 
     </span>
     <span class='ocr_line' id='line_1_29' title="bbox 380 3456 1961 3543; baseline 0 -21"><span class='ocrx_word' id='word_1_300' title='bbox 380 3458 552 3543; x_wconf 88' lang='lat' dir='ltr'>archetypi</span> <span class='ocrx_word' id='word_1_301' title='bbox 579 3457 771 3542; x_wconf 87' lang='lat' dir='ltr'>apographo</span> <span class='ocrx_word' id='word_1_302' title='bbox 799 3458 937 3542; x_wconf 49' lang='lat' dir='ltr'>aliquot,</span> <span class='ocrx_word' id='word_1_303' title='bbox 952 3458 1034 3524; x_wconf 90' lang='lat' dir='ltr'>locis</span> <span class='ocrx_word' id='word_1_304' title='bbox 1064 3457 1234 3523; x_wconf 89' lang='lat' dir='ltr'>emendari</span> <span class='ocrx_word' id='word_1_305' title='bbox 1261 3457 1375 3541; x_wconf 90' lang='lat' dir='ltr'>possit.</span> <span class='ocrx_word' id='word_1_306' title='bbox 1425 3456 1466 3520; x_wconf 92' lang='lat' dir='ltr'>In</span> <span class='ocrx_word' id='word_1_307' title='bbox 1500 3477 1565 3539; x_wconf 89' lang='lat' dir='ltr'>qua</span> <span class='ocrx_word' id='word_1_308' title='bbox 1594 3477 1669 3521; x_wconf 89' lang='lat' dir='ltr'>cum</span> <span class='ocrx_word' id='word_1_309' title='bbox 1697 3465 1731 3522; x_wconf 94' lang='lat' dir='ltr'>et</span> <span class='ocrx_word' id='word_1_310' title='bbox 1762 3458 1856 3540; x_wconf 88' lang='lat' dir='ltr'>ipsae</span> <span class='ocrx_word' id='word_1_311' title='bbox 1883 3458 1961 3522; x_wconf 89' lang='lat' dir='ltr'>illae</span> 
     </span>
     <span class='ocr_line' id='line_1_30' title="bbox 379 3567 1960 3652; baseline 0 -20"><span class='ocrx_word' id='word_1_312' title='bbox 379 3569 515 3644; x_wconf 76' lang='grc' dir='ltr'>κατὰτὸ</span> <span class='ocrx_word' id='word_1_313' title='bbox 543 3571 635 3634; x_wconf 82' lang='grc' dir='ltr'>ποσὸν</span> <span class='ocrx_word' id='word_1_314' title='bbox 663 3577 697 3634; x_wconf 91' lang='lat' dir='ltr'>et</span> <span class='ocrx_word' id='word_1_315' title='bbox 724 3570 801 3633; x_wconf 83' lang='grc' dir='ltr'>κατὰ</span> <span class='ocrx_word' id='word_1_316' title='bbox 828 3569 861 3631; x_wconf 77' lang='lat' dir='ltr'>rb</span> <span class='ocrx_word' id='word_1_317' title='bbox 889 3571 975 3634; x_wconf 89' lang='grc' dir='ltr'>ποιδν</span> <span class='ocrx_word' id='word_1_318' title='bbox 1005 3569 1197 3634; x_wconf 87' lang='lat' dir='ltr'>affectiones</span> <span class='ocrx_word' id='word_1_319' title='bbox 1225 3567 1475 3650; x_wconf 86' lang='lat' dir='ltr'>distinguantur</span> <span class='ocrx_word' id='word_1_320' title='bbox 1504 3587 1542 3632; x_wconf 88' lang='lat' dir='ltr'>ac</span> <span class='ocrx_word' id='word_1_321' title='bbox 1572 3567 1659 3631; x_wconf 88' lang='lat' dir='ltr'>sicut</span> <span class='ocrx_word' id='word_1_322' title='bbox 1685 3567 1720 3631; x_wconf 93' lang='lat' dir='ltr'>in</span> <span class='ocrx_word' id='word_1_323' title='bbox 1748 3567 1960 3652; x_wconf 88' lang='lat' dir='ltr'>Moschcpuli</span> 
     </span>
     <span class='ocr_line' id='line_1_31' title="bbox 379 3677 1960 3764; baseline 0 -20"><span class='ocrx_word' id='word_1_324' title='bbox 379 3679 585 3758; x_wconf 89' lang='lat' dir='ltr'>recensione,</span> <span class='ocrx_word' id='word_1_325' title='bbox 615 3702 715 3764; x_wconf 90' lang='lat' dir='ltr'>quam</span> <span class='ocrx_word' id='word_1_326' title='bbox 741 3681 777 3745; x_wconf 92' lang='lat' dir='ltr'>in</span> <span class='ocrx_word' id='word_1_327' title='bbox 805 3680 917 3746; x_wconf 91' lang='lat' dir='ltr'>codice</span> <span class='ocrx_word' id='word_1_328' title='bbox 940 3681 1095 3746; x_wconf 89' lang='lat' dir='ltr'>Parisino</span> <span class='ocrx_word' id='word_1_329' title='bbox 1119 3678 1202 3744; x_wconf 90' lang='grc'><strong>2662</strong></span> <span class='ocrx_word' id='word_1_330' title='bbox 1225 3685 1340 3743; x_wconf 86' lang='lat' dir='ltr'>extare</span> <span class='ocrx_word' id='word_1_331' title='bbox 1363 3677 1523 3753; x_wconf 89' lang='lat' dir='ltr'>diximus,</span> <span class='ocrx_word' id='word_1_332' title='bbox 1551 3677 1673 3761; x_wconf 87' lang='lat' dir='ltr'>prioris</span> <span class='ocrx_word' id='word_1_333' title='bbox 1702 3679 1834 3759; x_wconf 87' lang='lat' dir='ltr'>generis</span> <span class='ocrx_word' id='word_1_334' title='bbox 1862 3679 1960 3744; x_wconf 87' lang='lat' dir='ltr'>binae</span> 
     </span>
     <span class='ocr_line' id='line_1_32' title="bbox 377 3783 1960 3874; baseline 0.001 -21"><span class='ocrx_word' id='word_1_335' title='bbox 377 3791 467 3854; x_wconf 89' lang='lat' dir='ltr'>inter</span> <span class='ocrx_word' id='word_1_336' title='bbox 490 3810 525 3854; x_wconf 88' lang='lat' dir='ltr'>se</span> <span class='ocrx_word' id='word_1_337' title='bbox 549 3798 767 3874; x_wconf 90' lang='lat' dir='ltr'>opponantur,</span> <span class='ocrx_word' id='word_1_338' title='bbox 791 3791 903 3874; x_wconf 89' lang='lat' dir='ltr'>aliqua</span> <span class='ocrx_word' id='word_1_339' title='bbox 918 3790 1096 3856; x_wconf 87' lang='lat' dir='ltr'>difficultas</span> <span class='ocrx_word' id='word_1_340' title='bbox 1112 3789 1190 3854; x_wconf 91' lang='lat' dir='ltr'>inde</span> <span class='ocrx_word' id='word_1_341' title='bbox 1206 3783 1428 3865; x_wconf 89' lang='lat' dir='ltr'>subnascitur,</span> <span class='ocrx_word' id='word_1_342' title='bbox 1450 3788 1628 3870; x_wconf 92' lang='lat' dir='ltr'>quodcum</span> <span class='ocrx_word' id='word_1_343' title='bbox 1645 3792 1826 3874; x_wconf 78' lang='grc' dir='ltr'>συναλοιφῆς</span> <span class='ocrx_word' id='word_1_344' title='bbox 1849 3789 1960 3854; x_wconf 90' lang='lat' dir='ltr'>locum</span> 
     </span>
     <span class='ocr_line' id='line_1_33' title="bbox 380 3899 1960 3986; baseline 0 -22"><span class='ocrx_word' id='word_1_345' title='bbox 380 3901 542 3985; x_wconf 83' lang='grc' dir='ltr'>συναίρεσις</span> <span class='ocrx_word' id='word_1_346' title='bbox 564 3902 725 3980; x_wconf 89' lang='lat' dir='ltr'>obtineat,</span> <span class='ocrx_word' id='word_1_347' title='bbox 754 3901 967 3967; x_wconf 84' lang='lat' dir='ltr'>affectionum</span> <span class='ocrx_word' id='word_1_348' title='bbox 994 3902 1071 3965; x_wconf 82' lang='grc' dir='ltr'>κατὰ</span> <span class='ocrx_word' id='word_1_349' title='bbox 1093 3902 1178 3964; x_wconf 88' lang='grc' dir='ltr'>ποιδν</span> <span class='ocrx_word' id='word_1_350' title='bbox 1202 3899 1445 3984; x_wconf 89' lang='lat' dir='ltr'>appellatarunr</span> <span class='ocrx_word' id='word_1_351' title='bbox 1473 3919 1592 3982; x_wconf 89' lang='lat' dir='ltr'>agmen</span> <span class='ocrx_word' id='word_1_352' title='bbox 1621 3899 1712 3963; x_wconf 91' lang='lat' dir='ltr'>ducit</span> <span class='ocrx_word' id='word_1_353' title='bbox 1734 3901 1901 3986; x_wconf 83' lang='grc' dir='ltr'>συναλοιφὴ</span> <span class='ocrx_word' id='word_1_354' title='bbox 1924 3901 1960 3964; x_wconf 80' lang='grc' dir='ltr'>ιιι</span> 
     </span>
     <span class='ocr_line' id='line_1_34' title="bbox 379 4007 1961 4096; baseline 0.003 -20"><span class='ocrx_word' id='word_1_355' title='bbox 379 4009 513 4076; x_wconf 86' lang='lat' dir='ltr'>easdem</span> <span class='ocrx_word' id='word_1_356' title='bbox 536 4017 665 4095; x_wconf 86' lang='lat' dir='ltr'>septem</span> <span class='ocrx_word' id='word_1_357' title='bbox 689 4014 816 4096; x_wconf 91' lang='lat' dir='ltr'>species</span> <span class='ocrx_word' id='word_1_358' title='bbox 839 4012 948 4078; x_wconf 83' lang='lat' dir='ltr'>divisa</span> <span class='ocrx_word' id='word_1_359' title='bbox 969 4033 1051 4095; x_wconf 90' lang='lat' dir='ltr'>quas</span> <span class='ocrx_word' id='word_1_360' title='bbox 1073 4013 1141 4076; x_wconf 91' lang='lat' dir='ltr'>iam</span> <span class='ocrx_word' id='word_1_361' title='bbox 1163 4010 1448 4088; x_wconf 83' lang='lat' dir='ltr'>enumeravimus,</span> <span class='ocrx_word' id='word_1_362' title='bbox 1477 4030 1618 4092; x_wconf 87' lang='lat' dir='ltr'>quarum</span> <span class='ocrx_word' id='word_1_363' title='bbox 1645 4010 1758 4075; x_wconf 89' lang='lat' dir='ltr'>tertia:</span> <span class='ocrx_word' id='word_1_364' title='bbox 1797 4007 1961 4094; x_wconf 81' lang='grc' dir='ltr'>συναῖρεσις</span> 
     </span>
     <span class='ocr_line' id='line_1_35' title="bbox 379 4120 1959 4206; baseline -0.001 -19"><span class='ocrx_word' id='word_1_365' title='bbox 379 4129 450 4187; x_wconf 90' lang='lat' dir='ltr'>tota</span> <span class='ocrx_word' id='word_1_366' title='bbox 483 4121 698 4188; x_wconf 89' lang='lat' dir='ltr'>distinctione</span> <span class='ocrx_word' id='word_1_367' title='bbox 731 4124 927 4206; x_wconf 90' lang='lat' dir='ltr'>perturbata</span> <span class='ocrx_word' id='word_1_368' title='bbox 959 4123 1010 4188; x_wconf 88' lang='lat' dir='ltr'>bis</span> <span class='ocrx_word' id='word_1_369' title='bbox 1038 4131 1073 4188; x_wconf 91' lang='lat' dir='ltr'>et</span> <span class='ocrx_word' id='word_1_370' title='bbox 1098 4123 1187 4188; x_wconf 90' lang='lat' dir='ltr'>inter</span> <span class='ocrx_word' id='word_1_371' title='bbox 1221 4120 1443 4206; x_wconf 81' lang='lat' dir='ltr'>synaloephas</span> <span class='ocrx_word' id='word_1_372' title='bbox 1478 4129 1511 4184; x_wconf 92' lang='lat' dir='ltr'>et</span> <span class='ocrx_word' id='word_1_373' title='bbox 1544 4120 1633 4184; x_wconf 88' lang='lat' dir='ltr'>inter</span> <span class='ocrx_word' id='word_1_374' title='bbox 1666 4120 1796 4205; x_wconf 90' lang='lat' dir='ltr'>ellipsis</span> <span class='ocrx_word' id='word_1_375' title='bbox 1830 4121 1959 4205; x_wconf 89' lang='lat' dir='ltr'>species</span> 
     </span>
    </p>
   </div>
   <div class='ocr_carea' id='block_1_3' title="bbox 379 4323 634 4334">
    <p class='ocr_par' dir='ltr' id='par_1_3' title="bbox 379 4323 634 4334">
     <span class='ocr_line' id='line_1_36' title="bbox 379 4323 634 4334; baseline 0.008 -3"><span class='ocrx_word' id='word_1_376' title='bbox 379 4323 634 4334; x_wconf 81' lang='lat'><strong>——---—-—-</strong></span> 
     </span>
    </p>
   </div>
   <div class='ocr_carea' id='block_1_4' title="bbox 304 4471 1961 4884">
    <p class='ocr_par' dir='ltr' id='par_1_4' title="bbox 304 4471 1961 4884">
     <span class='ocr_line' id='line_1_37' title="bbox 482 4471 1961 4543; baseline -0.001 -17"><span class='ocrx_word' id='word_1_377' title='bbox 482 4473 516 4540; x_wconf 82' lang='lat'>⁴²)</span> <span class='ocrx_word' id='word_1_378' title='bbox 535 4474 673 4527; x_wconf 84' lang='lat' dir='ltr'>invenitur</span> <span class='ocrx_word' id='word_1_379' title='bbox 690 4473 737 4542; x_wconf 82' lang='lat' dir='ltr'>(cf.</span> <span class='ocrx_word' id='word_1_380' title='bbox 755 4476 791 4528; x_wconf 85' lang='grc' dir='ltr'>Κ.</span> <span class='ocrx_word' id='word_1_381' title='bbox 809 4475 840 4527; x_wconf 84' lang='grc' dir='ltr'>Ε.</span> <span class='ocrx_word' id='word_1_382' title='bbox 859 4473 892 4526; x_wconf 85' lang='lat' dir='ltr'>A.</span> <span class='ocrx_word' id='word_1_383' title='bbox 911 4473 1035 4526; x_wconf 81' lang='lat' dir='ltr'>Schmidt</span> <span class='ocrx_word' id='word_1_384' title='bbox 1052 4491 1078 4543; x_wconf 93' lang='grc' dir='ltr'>ρ.</span> <span class='ocrx_word' id='word_1_385' title='bbox 1097 4474 1129 4528; x_wconf 84' lang='grc'>95</span> <span class='ocrx_word' id='word_1_386' title='bbox 1152 4493 1179 4528; x_wconf 90' lang='grc' dir='ltr'>ιι.</span> <span class='ocrx_word' id='word_1_387' title='bbox 1198 4473 1225 4543; x_wconf 86' lang='grc'>6)</span> <span class='ocrx_word' id='word_1_388' title='bbox 1247 4474 1276 4526; x_wconf 93' lang='lat' dir='ltr'>in</span> <span class='ocrx_word' id='word_1_389' title='bbox 1294 4471 1464 4528; x_wconf 73' lang='lat' dir='ltr'>Constantini</span> <span class='ocrx_word' id='word_1_390' title='bbox 1482 4471 1607 4525; x_wconf 83' lang='lat' dir='ltr'>Lascaris</span> <span class='ocrx_word' id='word_1_391' title='bbox 1625 4471 1818 4538; x_wconf 85' lang='lat' dir='ltr'>grammaticae</span> <span class='ocrx_word' id='word_1_392' title='bbox 1841 4471 1961 4539; x_wconf 86' lang='lat' dir='ltr'>epitoma</span> 
     </span>
     <span class='ocr_line' id='line_1_38' title="bbox 304 4543 1959 4628; baseline -0.001 -19"><span class='ocrx_word' id='word_1_393' title='bbox 304 4543 311 4556; x_wconf 77' lang='grc'><strong><em>’</em></strong></span> <span class='ocrx_word' id='word_1_394' title='bbox 381 4556 574 4613; x_wconf 81' lang='lat' dir='ltr'>editRcman.</span> <span class='ocrx_word' id='word_1_395' title='bbox 594 4559 708 4614; x_wconf 85' lang='grc'><strong>160811</strong></span> <span class='ocrx_word' id='word_1_396' title='bbox 731 4577 758 4628; x_wconf 91' lang='lat' dir='ltr'>p.</span> <span class='ocrx_word' id='word_1_397' title='bbox 775 4560 864 4624; x_wconf 83' lang='lat'>51-58,</span> <span class='ocrx_word' id='word_1_398' title='bbox 891 4559 920 4610; x_wconf 90' lang='lat' dir='ltr'>in</span> <span class='ocrx_word' id='word_1_399' title='bbox 942 4558 1028 4612; x_wconf 86' lang='lat' dir='ltr'>lexico</span> <span class='ocrx_word' id='word_1_400' title='bbox 1051 4560 1245 4626; x_wconf 81' lang='lat' dir='ltr'>graeco-latino</span> <span class='ocrx_word' id='word_1_401' title='bbox 1258 4559 1391 4612; x_wconf 83' lang='lat' dir='ltr'>Hadriani</span> <span class='ocrx_word' id='word_1_402' title='bbox 1409 4557 1482 4609; x_wconf 89' lang='lat' dir='ltr'>Iunii</span> <span class='ocrx_word' id='word_1_403' title='bbox 1500 4557 1583 4610; x_wconf 84' lang='lat' dir='ltr'>Basil.</span> <span class='ocrx_word' id='word_1_404' title='bbox 1602 4553 1677 4622; x_wconf 79' lang='lat'>1557,</span> <span class='ocrx_word' id='word_1_405' title='bbox 1700 4556 1729 4608; x_wconf 91' lang='lat' dir='ltr'>in</span> <span class='ocrx_word' id='word_1_406' title='bbox 1747 4556 1840 4608; x_wconf 86' lang='lat' dir='ltr'>Museo</span> <span class='ocrx_word' id='word_1_407' title='bbox 1859 4555 1959 4608; x_wconf 79' lang='lat' dir='ltr'>(lanta-</span> 
     </span>
     <span class='ocr_line' id='line_1_39' title="bbox 379 4637 1959 4714; baseline -0.001 -21"><span class='ocrx_word' id='word_1_408' title='bbox 379 4642 537 4709; x_wconf 85' lang='lat' dir='ltr'>brigiensiI</span> <span class='ocrx_word' id='word_1_409' title='bbox 555 4645 629 4698; x_wconf 87' lang='lat'>1814.</span> <span class='ocrx_word' id='word_1_410' title='bbox 648 4645 848 4698; x_wconf 82' lang='lat' dir='ltr'>addehabbaei</span> <span class='ocrx_word' id='word_1_411' title='bbox 865 4645 996 4713; x_wconf 85' lang='lat' dir='ltr'>glossaria</span> <span class='ocrx_word' id='word_1_412' title='bbox 1014 4645 1053 4709; x_wconf 90' lang='lat' dir='ltr'>(in</span> <span class='ocrx_word' id='word_1_413' title='bbox 1066 4645 1195 4714; x_wconf 86' lang='lat' dir='ltr'>Stephan.</span> <span class='ocrx_word' id='word_1_414' title='bbox 1213 4644 1342 4696; x_wconf 85' lang='lat' dir='ltr'>Thesaur.</span> <span class='ocrx_word' id='word_1_415' title='bbox 1360 4642 1521 4712; x_wconf 84' lang='lat' dir='ltr'>appendice)</span> <span class='ocrx_word' id='word_1_416' title='bbox 1541 4642 1659 4698; x_wconf 89' lang='lat' dir='ltr'>Londini</span> <span class='ocrx_word' id='word_1_417' title='bbox 1678 4642 1799 4694; x_wconf 90' lang='grc'><strong>1816-26.</strong></span> <span class='ocrx_word' id='word_1_418' title='bbox 1819 4658 1844 4710; x_wconf 88' lang='grc' dir='ltr'>ρ.</span> <span class='ocrx_word' id='word_1_419' title='bbox 1855 4637 1904 4694; x_wconf 80' lang='grc'>671</span> <span class='ocrx_word' id='word_1_420' title='bbox 1924 4658 1959 4692; x_wconf 88' lang='lat' dir='ltr'>ss.</span> 
     </span>
     <span class='ocr_line' id='line_1_40' title="bbox 381 4724 1958 4798; baseline -0.001 -20"><span class='ocrx_word' id='word_1_421' title='bbox 381 4726 618 4780; x_wconf 65' lang='lat' dir='ltr'>andeveran</span> <span class='ocrx_word' id='word_1_422' title='bbox 641 4729 658 4782; x_wconf 91' lang='lat' dir='ltr'>l.</span> <span class='ocrx_word' id='word_1_423' title='bbox 677 4747 699 4781; x_wconf 88' lang='lat' dir='ltr'>c.</span> <span class='ocrx_word' id='word_1_424' title='bbox 718 4747 744 4798; x_wconf 92' lang='lat' dir='ltr'>p.</span> <span class='ocrx_word' id='word_1_425' title='bbox 762 4725 803 4783; x_wconf 79' lang='grc'>97.</span> <span class='ocrx_word' id='word_1_426' title='bbox 830 4731 864 4797; x_wconf 82' lang='lat'>⁴³)</span> <span class='ocrx_word' id='word_1_427' title='bbox 887 4729 915 4782; x_wconf 91' lang='lat' dir='ltr'>in</span> <span class='ocrx_word' id='word_1_428' title='bbox 934 4728 1065 4798; x_wconf 82' lang='lat' dir='ltr'>Gregorio</span> <span class='ocrx_word' id='word_1_429' title='bbox 1083 4729 1224 4783; x_wconf 80' lang='lat' dir='ltr'>Corinthio</span> <span class='ocrx_word' id='word_1_430' title='bbox 1247 4728 1289 4782; x_wconf 86' lang='lat' dir='ltr'>od.</span> <span class='ocrx_word' id='word_1_431' title='bbox 1309 4727 1434 4782; x_wconf 85' lang='lat' dir='ltr'>Schcefer</span> <span class='ocrx_word' id='word_1_432' title='bbox 1456 4744 1482 4795; x_wconf 92' lang='lat' dir='ltr'>p.</span> <span class='ocrx_word' id='word_1_433' title='bbox 1499 4724 1613 4792; x_wconf 74' lang='lat' dir='ltr'>cle-81,</span> <span class='ocrx_word' id='word_1_434' title='bbox 1637 4742 1752 4794; x_wconf 88' lang='lat' dir='ltr'>quocum</span> <span class='ocrx_word' id='word_1_435' title='bbox 1774 4726 1958 4780; x_wconf 88' lang='lat' dir='ltr'>consentiunt:</span> 
     </span>
     <span class='ocr_line' id='line_1_41' title="bbox 381 4809 1643 4884; baseline 0.001 -21"><span class='ocrx_word' id='word_1_436' title='bbox 381 4809 500 4864; x_wconf 79' lang='lat' dir='ltr'>Thomas</span> <span class='ocrx_word' id='word_1_437' title='bbox 518 4810 686 4881; x_wconf 82' lang='lat' dir='ltr'>Moschcpuli</span> <span class='ocrx_word' id='word_1_438' title='bbox 703 4815 819 4869; x_wconf 82' lang='lat' dir='ltr'>aliorum</span> <span class='ocrx_word' id='word_1_439' title='bbox 837 4819 965 4884; x_wconf 84' lang='lat' dir='ltr'>excerpta</span> <span class='ocrx_word' id='word_1_440' title='bbox 982 4813 1055 4882; x_wconf 82' lang='lat' dir='ltr'>apud</span> <span class='ocrx_word' id='word_1_441' title='bbox 1073 4813 1238 4868; x_wconf 80' lang='lat' dir='ltr'>Bachmcnn.</span> <span class='ocrx_word' id='word_1_442' title='bbox 1257 4813 1350 4868; x_wconf 82' lang='lat' dir='ltr'>anecd.</span> <span class='ocrx_word' id='word_1_443' title='bbox 1368 4813 1397 4865; x_wconf 90' lang='grc' dir='ltr'>Π</span> <span class='ocrx_word' id='word_1_444' title='bbox 1414 4809 1643 4878; x_wconf 66' lang='lat' dir='ltr'>amco-acal.</span> 
     </span>
    </p>
   </div>
   <div class='ocr_carea' id='block_1_5' title="bbox 1722 4909 1755 4966">
    <p class='ocr_par' dir='ltr' id='par_1_5' title="bbox 1722 4909 1755 4966">
     <span class='ocr_line' id='line_1_42' title="bbox 1722 4909 1755 4966; baseline 0 -23"><span class='ocrx_word' id='word_1_445' title='bbox 1722 4909 1755 4966; x_wconf 61' lang='lat'>3}</span> 
     </span>
    </p>
   </div>
   <div class='ocr_carea' id='block_1_6' title="bbox 0 0 2124 5512">
    <p class='ocr_par' dir='ltr' id='par_1_6' title="bbox 0 0 2124 5512">
     <span class='ocr_line' id='line_1_43' title="bbox 0 0 2124 5512; baseline 0 0"><span class='ocrx_word' id='word_1_446' title='bbox 0 0 2124 5512; x_wconf 95' lang='lat' dir='ltr'> </span> 
     </span>
    </p>
   </div>
  </div>
 </body>
</html>
