4240 5512
871 345 1195 419 κῃ..-

334 549 486 634 Ἐττιτομὴ
510 553 562 616 νέα
584 553 805 635 γραμματικῆς,
832 549 945 634 βιβλίον
969 549 1114 632 δεύτερον.
1138 548 1167 612 ἐν
1192 546 1217 633 ᾧ
1241 547 1306 633 όροι
1328 571 1360 611 τε
1382 554 1440 611 τῶν
1465 547 1547 630 (ced.
1570 550 1602 611 τὲ
1624 552 1691 629 τοῦ)
1714 547 1742 632 η’
1766 555 1819 612 τοῦ

238 663 329 744 λόγου
362 668 458 746 μερῶν
493 663 544 724 καὶ
568 660 718 730 ἀπόδειξις
745 659 795 722 διὰ
825 661 854 722 τί
877 657 905 743 η’
929 659 986 722 εἰσὶ
1008 660 1057 722 καὶ
1085 657 1151 722 οὔτε
1178 659 1271 722 πλείω
1302 657 1370 722 οὔτε
1398 660 1510 722 ἐλάττω
1538 659 1588 721 καὶ
1617 658 1667 720 διὰ
1689 659 1718 720 τί
1739 661 1819 722 οότω

236 775 432 850 κατείλεκται,
456 769 521 855 όροι
543 794 576 832 τε
597 777 654 834 τῶν
677 769 889 854 παρεπομένων
913 769 1022 836 αὐτοῖς.
1053 770 1104 832 καὶ
1126 769 1190 832 τίνα
1216 769 1274 832 τίσι
1296 770 1456 853 παρέπεται
1478 771 1527 832 καὶ
1548 771 1612 832 τίνα
1636 767 1735 838 αὐτοῖς
1757 769 1817 833 ἴδια

239 887 287 946 καὶ
309 885 406 946 κοινοί.
452 883 568 946 Totius
592 887 703 945 autem
726 880 832 944 libelli
854 881 931 945 finis
960 879 1012 944 hic
1035 887 1087 944 cst
1114 879 1168 943 fol.
1194 879 1278 942 105¹:
1324 880 1487 961 συνδέσμου
1517 880 1549 941 δὲ
1575 879 1609 940 τὸ
1633 881 1746 942 συνδεῖν
1769 881 1818 942 καὶ

240 994 414 1078 συμπλέκειν
432 993 484 1076 τὴν
502 997 555 1055 τοῦ
573 992 664 1074 λόγου
682 994 800 1078 φράσιν.
828 991 943 1074 κόσμου
955 994 1052 1076 χάριν.
1075 992 1169 1059 τέλος.
1191 990 1345 1054 undecim
1359 997 1489 1053 constat
1501 988 1664 1071 capitibus
1678 994 1711 1054 et
1725 1010 1819 1072 prac-

238 1112 332 1170 terea
354 1104 564 1169 brevioribus
592 1105 777 1167 instructus
805 1109 857 1166 est
884 1102 992 1166 titulis
1016 1101 1073 1184 qui
1101 1100 1142 1164 ad
1170 1101 1319 1184 singulas
1342 1099 1587 1165 dissertationis
1610 1106 1722 1183 partes
1745 1093 1819 1182 per2

241 1215 359 1290 tinent,
382 1214 431 1278 ita
458 1221 572 1278 tamen
600 1219 638 1276 ut
667 1233 686 1276 a
712 1211 848 1276 librario
878 1233 920 1276 ex
943 1212 1114 1296 archetypi
1142 1212 1292 1294 margine
1320 1211 1356 1274 in
1384 1209 1494 1274 media
1514 1209 1618 1274 verba
1639 1210 1821 1275 translatos

240 1326 357 1390 titulos
381 1325 489 1389 alieno
511 1323 679 1388 interdum
701 1323 773 1388 loeo
796 1323 959 1388 invenias.
1751 1392 1752 1398 γ

328 1437 439 1502 Huius
462 1436 599 1501 alterius
622 1436 728 1518 partis
751 1457 793 1499 ne
817 1456 881 1517 qua
902 1441 1037 1517 praeter
1060 1432 1205 1498 codicem
1228 1433 1397 1496 Venetam
1418 1431 1562 1514 vestigia
1584 1439 1642 1495 aut
1664 1432 1700 1494 in
1723 1452 1820 1496 anec-

238 1547 325 1612 dotis
354 1555 410 1612 aut
438 1547 473 1610 in
501 1546 612 1610 codice
642 1546 751 1628 ahquo
778 1545 926 1609 nondum
949 1545 1133 1610 accuratius
1158 1565 1297 1608 excusso
1325 1565 1378 1608 me
1405 1544 1573 1626 fugerent,
1598 1542 1712 1607 sedulo
1735 1543 1821 1608 cavi:

238 1679 299 1722 nee
323 1666 435 1722 tamen
451 1658 604 1740 quamvis
620 1657 798 1739 diligenter
821 1657 903 1720 mihi
926 1655 1208 1738 circumspicienti
1223 1654 1293 1718 ulla
1308 1675 1448 1736 usquam
1464 1661 1702 1718 occurrerunt·
1726 1651 1820 1733 Quae

239 1769 327 1832 enim
351 1769 377 1831 I.
393 1769 433 1832 Α.
451 1767 628 1852 O.(ramer)
651 1769 686 1830 in
702 1767 789 1831 Mus.
812 1767 925 1849 philol.
943 1765 1133 1848 Cantabrig.
1149 1765 1185 1828 ΙΙ
1203 1765 1312 1846 11421)
1335 1785 1377 1829 ex
1399 1765 1520 1830 codicis
1540 1763 1737 1828 Bareociani
1757 1763 1821 1826 ale

237 1879 292 1943 fol.
310 1879 371 1943 163
388 1878 569 1960 excerpsit:
606 1879 789 1963 βαρεώτερος
813 1878 871 1940 ἀπὸ
895 1881 948 1960 τῆς
969 1880 1087 1959 γενικῆς
1109 1875 1190 1939 εἷπον
1216 1876 1330 1960 βαρέως
1354 1876 1538 1961 βαρεώτερος
1554 1875 1683 1942 σπανίως
1708 1871 1820 1956 μείἰτοι·

240 1991 290 2052 καὶ
324 1989 367 2052 ἔτι
395 1988 546 2073 Αἰσχύλος
581 1991 793 2072 μειζονώτερος
828 1989 1071 2072 όπερτερώτερώς
1097 2007 1129 2048 τε
1158 1985 1195 2070 (1)
1224 1987 1273 2048 καὶ
1305 1985 1493 2070 χερειότερος
1526 1985 1576 2046 καὶ
1611 1985 1744 2070 ῥηίτερος
1770 1985 1821 2046 καὶ

243 2099 424 2183 πλειότερος.
459 2103 500 2168 ῶς
527 2101 560 2163 δὲ
587 2100 637 2163 καὶ
664 2103 716 2164 τοῦ
740 2099 933 2183 coeptarunt
956 2099 989 2160 τὸ
1013 2099 1192 2181 πρώτιστος·
1222 2098 1365 2190 είλαυσαν
1391 2095 1428 2176 (1)
1452 2095 1494 2165 εἰς
1515 2097 1548 2156 τὸ
1571 2097 1747 2179 πρώτιστον·
1782 2115 1821 2158 aa

243 2209 308 2274 etsi
335 2209 412 2274 inde
440 2232 460 2273 a
487 2208 599 2275 verbis
628 2209 678 2273 καὶ
708 2207 751 2271 ἔτι
779 2207 1007 2294 Αἰσχύλος....
1030 2207 1071 2271 ad
1099 2207 1353 2272 similitudinem
1380 2205 1488 2269 nostri
1515 2205 1724 2288 grammatici
1752 2209 1821 2268 tam
1869 2273 1874 2280 ,
1913 2255 1918 2263 ,

241 2341 345 2403 prope
368 2319 538 2396 accedunt,
562 2331 600 2384 ut
615 2319 786 2402 singulare
801 2319 884 2383 illud
900 2318 1058 2384 mendum
1081 2307 1250 2382 silnanus
1268 2316 1424 2400 (εἰλαυσαν
1440 2315 1508 2381 οοό.
1525 2317 1659 2397 Venet.)
1676 2353 1717 2362 -—
1733 2314 1820 2396 quod

243 2429 403 2495 Oramero
425 2431 460 2494 in
485 2431 612 2514 ἤλασαν,
634 2431 786 2494 Nauchio
809 2431 933 2495 rectius
955 2431 991 2494 iu
1014 2431 1154 2493 εἵλκυσαν
1178 2427 1411 2512 corrigendum
1434 2447 1506 2491 esse
1530 2427 1641 2492 visum
1663 2431 1715 2490 est
1730 2463 1771 2472 —-
1786 2426 1822 2488 in

241 2548 381 2624 utroque
416 2549 520 2607 extet:
552 2543 588 2606 in
622 2563 659 2606 eo
694 2541 805 2606 codice
838 2563 905 2606 non
931 2542 1042 2625 ipsum
1075 2546 1227 2604 nostrum
1260 2539 1384 2602 librum
1417 2536 1583 2603 asservari
1615 2535 1693 2600 inde
1728 2536 1821 2601 evin-

243 2652 342 2727 citur,
367 2651 455 2734 quod
482 2653 585 2717 verba
617 2653 677 2715 illa
703 2673 771 2716 non
798 2653 908 2716 minus
937 2673 1011 2716 cum
1038 2651 1188 2715 Maximo
1213 2648 1365 2714 Planude
1391 2643 1570 2723 tarr-18
1599 2646 1823 2727 (Baehmanni

244 2762 405 2827 anecdota
427 2783 545 2844 graeca
564 2763 613 2844 II)
637 2772 670 2826 et
693 2763 804 2845 aliqua
826 2763 944 2828 saltem
968 2783 1010 2826 ex
1033 2769 1127 2844 parte
1150 2782 1225 2826 cum
1248 2759 1445 2824 Philemone
1468 2780 1498 2841 p.
1516 2759 1577 2821 135
1595 2755 1720 2822 Osann.
1744 2777 1822 2822 con-

244 2875 408 2938 sentiunt:
433 2873 492 2938 sed
514 2873 554 2936 de
576 2873 629 2937 his
651 2874 738 2936 infra
760 2879 878 2956 agetur
900 2872 1075 2954 copiosius.

346 2985 396 3048 Ae
424 2984 570 3066 primum
590 2983 746 3048 'omnium
769 2983 809 3048 de
833 2983 993 3047 orationis
1020 2983 1166 3065 partium
1192 2981 1316 3046 finibus
1344 2969 1484 3044 numero
1512 2977 1627 3043 ordine
1652 2983 1825 3061 (quaeest

243 3095 383 3158 materia
406 3081 543 3158 secundi
566 3095 732 3176 epitomae
754 3093 847 3178 libri)
871 3092 1056 3158 disserendi
1079 3094 1226 3157 officium
1249 3091 1336 3176 apud
1352 3098 1485 3157 veteres
1507 3089 1742 3173 grammaticos
1757 3111 1825 3153 non

244 3205 443 3268 inusitatum
466 3205 570 3268 fuisse
592 3225 633 3268 ex
657 3204 764 3267 titulis
787 3203 995 3286 intellegitur
1018 3203 1133 3286 quales
1157 3210 1249 3267 sunt:
1276 3204 1343 3286 περὶ
1365 3206 1423 3265 τῶν
1447 3205 1542 3285 μερῶν
1565 3205 1618 3263 τοῦ
1642 3200 1732 3282 λόγου
1755 3200 1827 3265 sive

247 3317 313 3398 περὶ
334 3319 482 3398 ’μερισμοῦ
504 3319 562 3377 τῶν
586 3319 638 3376 τοῦ
662 3313 751 3398 λόγου
777 3319 889 3397 μερῶν·
917 3315 966 3378 ita
993 3314 1083 3378 enim
1114 3313 1193 3377 libri
1220 3313 1348 3394 aliquot
1375 3310 1647 3394 deperditi'olim
1672 3309 1828 3392 inscripti

250 3431 360 3488 erant:
394 3425 488 3488 velut
511 3425 761 3508 Tyrannionem
785 3425 941 3500 alterum,
964 3423 1086 3506 prioris
1109 3423 1309 3506 discipulum
1333 3431 1367 3487 et
1388 3421 1548 3507 Dionysii
1570 3420 1741 3502 aequalem
1763 3421 1829 3504 περὶ

248 3540 306 3597 τῶν
332 3540 427 3617 μερῶν
450 3539 501 3614 τοῦ
525 3535 617 3616 λόγου
647 3534 820 3616 scripsisse
848 3533 985 3598 tradidit
1008 3533 1129 3600 Suidas
1152 3557 1176 3600 s.
1200 3537 1278 3617 v.²²)
1324 3534 1400 3614 Qua
1426 3534 1462 3597 in
1484 3555 1520 3598 re
1543 3530 1730 3596 definienda
1753 3552 1831 3596 cum

245 3645 311 3707 iam
334 3654 469 3710 veteres
493 3645 683 3728 philosophi
706 3645 816 3710 studia
838 3667 898 3710 sua
921 3645 1170 3722 collocaverint,
1194 3653 1268 3710 octo
1290 3645 1366 3708 illas
1390 3644 1549 3709 orationis
1571 3650 1684 3725 partes
1709 3642 1828 3724 quibus

245 3776 307 3818 nos
330 3755 455 3818 utimur
482 3777 502 3818 a
523 3755 689 3839 Dionysio
717 3757 825 3839 primo
855 3777 893 3820 ee
923 3756 1037 3822 ordine
1066 3779 1130 3839 quo
1158 3763 1193 3835 ἐς
1217 3753 1316 3819 14-25
1340 3761 1515 3838 apparent,
1548 3753 1726 3818 collocatas
1754 3773 1827 3818 esso

248 3873 510 3932 consentaneum
538 3872 603 3932 est:
631 3867 804 3949 ipsamque
832 3868 1082 3950 grammaticam
1107 3865 1194 3951 quod
1222 3874 1256 3931 et
1281 3867 1477 3930 litterarum⁴
1497 3863 1766 3948 syllabarumque
1793 3869 1827 3926 et

248 3976 409 4040 orationis
432 3977 578 4060 partium
601 3977 786 4041 doctrinam
814 3977 1026 4060 amplectitur
1053 3980 1196 4062 περὶτῶν
1221 3979 1375 4060 στοιχείων
1398 3977 1447 4038 καὶ
1469 3980 1526 4038 τῶν
1552 3977 1629 4040 ὀκτὼ
1655 3980 1749 4060 μερῶν
1772 3977 1825 4035 τοῦ

248 4086 339 4168 λόγου
363 4088 567 4152 nominatam
591 4109 664 4152 esse
680 4087 838 4152 discimus
860 4109 901 4151 ex
916 4087 948 4151 Ν
950 4088 1089 4171 ephonis
1104 4087 1258 4152 monachi
1280 4069 1493 4151 adnotatidne
1516 4087 1552 4150 in
1568 4086 1636 4152 cod.
1652 4086 1728 4150 Par.
1744 4081 1828 4146 2558

247 4196 408 4282 Dionysii
441 4200 676 4281 grammaticae
710 4199 814 4263 fronti
847 4197 1014 4282 adscripta
1048 4198 1139 4279 (BA.
1166 4220 1196 4280 p.
1226 4197 1331 4276 1129).
1377 4195 1506 4278 Quodsi
1539 4197 1630 4280 prior
1664 4193 1827 4276 epitomae

248 4315 382 4372 nostrae
410 4331 487 4390 pars
516 4329 535 4372 a
562 4310 752 4374 litterarum
780 4309 907 4392 origine
930 4297 1138 4390 diversisque
1167 4327 1281 4371 earum
1308 4308 1487 4390 generibus
1512 4307 1642 4388 incipit,
1666 4303 1772 4368 altera
1792 4305 1828 4367 in

248 4425 322 4482 octo
351 4419 502 4500 partibus
531 4420 692 4484 orationis
721 4426 887 4494 versatur,
911 4423 1117 4503 γραμματικῆς
1140 4439 1220 4484 voce
1243 4419 1384 4500 quaein
1412 4419 1510 4484 titulo
1533 4415 1690 4491 occurrit,
1713 4422 1829 4480 notam

351 4666 385 4730 ²¹)
409 4664 441 4716 cl.
459 4666 493 4718 A.
516 4667 610 4720 Nauck
629 4670 698 4736 trag.
721 4684 808 4735 graec.
827 4667 921 4735 fragm.
940 4686 966 4736 p.
984 4669 1018 4720 96
1035 4685 1106 4720 num.
1125 4667 1182 4732 425,
1202 4671 1230 4720 et
1247 4667 1367 4719 eiusdem
1389 4663 1492 4719 lexicon
1505 4663 1717 4716 Vindobonense
1730 4679 1756 4732 p.
1770 4664 1828 4716 324.

250 4750 282 4816 ²²)
302 4749 333 4802 cf.
356 4749 517 4819 Bernhardy
541 4752 637 4805 Suidas
660 4753 729 4818 112,
749 4752 824 4804 1245.
843 4753 939 4804 similis
959 4755 1034 4804 extat
1052 4753 1222 4805 Constantini
1245 4751 1367 4804 irascaris
1381 4751 1468 4804 liber:
1493 4747 1599 4818 ἐπιτομὴ
1618 4753 1670 4800 τῶν
1697 4746 1766 4800 ὀκτὼ
1783 4751 1829 4800 τοῦ

252 4833 330 4912 λόγου
350 4840 445 4908 μερῶν.
481 4835 616 4889 Steinthal
634 4837 790 4904 geschichte
808 4837 857 4890 der
875 4837 1159 4910 sprachwisseuschaft
1177 4841 1227 4889 ete.
1246 4854 1271 4907 p.
1290 4831 1348 4890 577.
