4240 5512
147 2782 185 2833 Op.
198 2785 218 2822 ὃ.

8 2869 9 2882 2
110 2832 135 2872 dc
148 2843 225 2873 vocum

8 2883 10 2932 ᾗ
36 2909 41 2920 .
85 2882 244 2925 affectionibus.

580 461 646 544 περὶ
668 460 762 524 τόνων
1374 459 1435 538 §.3
1457 461 1523 543 περὶ
1544 459 1637 523 τόνων

447 591 513 653 nep.
538 567 562 640 ζ’
586 571 728 652 [numer.
751 569 823 636 add.
844 571 943 653 Ven]
966 573 1032 656 περὶ
1054 575 1175 654 στιγμῆς
1368 570 1429 648 §.4
1450 571 1516 652 περὶ
1538 575 1660 654 στιγμῆς

1368 681 1429 757 §.5
1451 681 1507 743 τίνι
1529 680 1663 764 διαφέρει
1686 681 1793 764 στιγμὴ

1450 790 1643 876 ὑπτστιγμῆς;

377 897 475 978 Quod
496 899 599 981 igitur
622 921 766 982 eaquae
789 901 829 964 de
852 922 975 967 vocum
997 900 1208 985 passionibus
1232 906 1266 964 et
1288 899 1328 964 de
1350 899 1515 982 prosodiis
1538 900 1699 965 docentur
1721 923 1740 963 a
1767 901 1850 966 Dio-

274 993 374 1092 nysii
390 1011 607 1089 grammatica
633 1007 768 1087 absunt,
801 1012 837 1075 in
860 1011 1041 1094 epitomem
1068 1019 1181 1077 autem
1203 1018 1337 1094 recepta
1366 1017 1457 1086 sunt,
1486 1031 1554 1074 non
1581 1011 1766 1087 mirabitur,
1794 1012 1850 1092 qui

273 1127 433 1200 quantum
456 1117 606 1184 doctrina
628 1121 806 1204 profecerit
831 1121 909 1186 inde
937 1124 978 1188 ab
1005 1123 1111 1206 ipsius
1134 1121 1292 1207 Dionysii
1319 1127 1427 1186 aetate
1454 1140 1560 1201 usque
1588 1119 1627 1184 ad
1650 1120 1685 1184 id
1708 1129 1849 1204 tempus,

274 1251 337 1314 quo
354 1231 584 1297 commentarii
597 1232 633 1294 in
648 1231 850 1316 Dionysium
871 1234 1174 1310 conscribebantur,
1197 1239 1287 1298 reete
1307 1230 1497 1296 meminerit
1517 1250 1578 1294 nec
1601 1251 1700 1312 quam
1716 1231 1851 1314 penitus

272 1341 448 1406 immutata
475 1341 518 1406 sit
545 1349 616 1406 tota
642 1344 879 1425 grammaticae
906 1345 1099 1408 tractandae
1127 1344 1212 1409 ratio
1250 1341 1522 1426 praetermiserit.
1553 1339 1712 1404 laudabili
1740 1353 1850 1406 autern

272 1450 419 1516 novandi
442 1452 550 1517 studio
565 1451 599 1516 in
624 1452 686 1518 hoo
701 1473 822 1536 genere
846 1454 1045 1519 excelluisse
1060 1453 1289 1519 Herodianum
1304 1454 1372 1517 iarn
1394 1473 1496 1535 supra
1518 1451 1672 1528 diximus,
1696 1453 1753 1532 qui
1776 1473 1851 1517 eum

272 1583 397 1627 novum
420 1583 458 1626 ac
481 1561 692 1645 splendidum
714 1563 909 1647 disciplinae
931 1564 1187 1630 fundamentum
1209 1565 1288 1629 iecit
1310 1572 1382 1628 tum
1404 1562 1532 1645 ingenii
1555 1562 1761 1638 auctoritate,
1786 1585 1851 1644 qua

271 1671 444 1736 hominum
470 1682 600 1740 mentes
626 1675 772 1739 maxime
799 1677 1002 1742 commoveri
1034 1676 1156 1752 solent,
1202 1695 1317 1740 omnes
1349 1673 1469 1738 imbuit
1503 1673 1559 1754 qui
1586 1679 1663 1756 post
1689 1693 1765 1738 eum
1798 1673 1850 1737 his

272 1781 390 1847 studiis
414 1803 549 1866 operam
571 1783 746 1849 dederunt:
783 1792 822 1849 ut
849 1785 978 1850 meritis
1001 1787 1150 1870 priorum
1173 1786 1357 1851 obscuratis
1380 1806 1448 1849 non
1470 1769 1588 1867 magis
1601 1804 1715 1848 earum
1737 1805 1849 1848 rerum

271 1913 353 1976 quas
375 1894 448 1977 ipso
471 1895 598 1977 primus
613 1894 772 1960 edocebat
795 1917 894 1978 quarn
916 1897 1050 1961 illarum
1073 1918 1154 1979 quas
1178 1898 1218 1962 ab
1235 1897 1309 1962 aliis
1328 1895 1533 1979 excogitatas
1556 1915 1615 1960 suo
1631 1896 1767 1978 ingenio
1791 1917 1849 1960 ex-

271 2002 413 2081 colebat,
441 2012 557 2070 auctor
578 2005 861 2088 locupletissimus
884 2007 1072 2072 haberetur.
1105 2007 1193 2072 unde
1220 2007 1346 2072 factum
1374 2015 1434 2082 est,
1462 2013 1501 2070 nt
1528 2007 1629 2071 etiam
1656 2006 1849 2071 recentioris

271 2114 391 2178 aetatis
419 2115 598 2198 scriptores
625 2117 715 2182 inter
741 2125 873 2183 vastam
901 2116 1171 2184 observationum
1198 2119 1401 2202 farraginem
1422 2116 1653 2182 Herodianeae
1681 2117 1849 2181 doctrinae

271 2224 428 2307 reliquias
451 2227 577 2308 passim
600 2235 788 2304 servarent,
817 2229 910 2294 velut
937 2229 973 2292 in
996 2229 1099 2294 variis
1122 2228 1271 2294 eiusdem
1293 2229 1396 2294 fontis
1424 2228 1521 2303 rivis,
1551 2227 1703 2308 quamvis
1727 2227 1789 2290 luti
1812 2248 1850 2291 ac

269 2335 343 2398 limi
364 2344 494 2419 partem
517 2359 559 2402 ex
582 2339 630 2402 eis
652 2359 713 2420 per
736 2359 817 2422 quas
840 2341 950 2404 fluunt
971 2339 1164 2422 regionibus
1186 2339 1383 2422 receperint,
1407 2335 1531 2419 aliquid
1555 2335 1673 2400 saltem
1688 2336 1850 2419 pristinae

271 2446 410 2527 originis
434 2447 562 2513 servari
589 2447 681 2512 solet.
732 2447 827 2528 Quae
853 2449 958 2532 igitur
983 2450 1019 2513 in
1047 2450 1265 2533 grammatica
1293 2455 1350 2514 aut
1376 2450 1476 2534 plane
1503 2446 1618 2512 deesse
1647 2453 1705 2510 aut
1731 2467 1849 2530 parum

270 2562 422 2620 accurate
445 2555 643 2623 videbantur
665 2565 808 2624 tractata
830 2579 913 2639 esse,
938 2580 977 2624 ea
999 2559 1039 2625 ab
1063 2560 1221 2646 Dionysii
1243 2558 1559 2624 commentatoribus
1582 2558 1678 2623 facile
1702 2557 1850 2641 suppleri

269 2671 434 2749 poterant.

373 2777 423 2841 Ac
445 2777 591 2859 primum
614 2777 747 2860 quidem
769 2779 809 2845 do
831 2801 952 2847 vocum
975 2781 1219 2858 affectionibus,
1243 2781 1297 2847 oui
1323 2753 1518 2864 disciplinae
1545 2780 1612 2844 iam
1640 2785 1717 2844 ante
1740 2779 1848 2844 Hero·

271 2885 405 2951 dianum
421 2886 560 2972 Didymi
583 2889 781 2974 Tryphonos
796 2893 969 2975 Apollonii
993 2915 1128 2977 operam
1154 2893 1370 2971 dederant³⁹),
1394 2913 1470 2957 cum
1493 2899 1678 2958 ceterorum
1701 2891 1847 2974 genuina

270 3019 371 3080 opera
402 2997 605 3082 deperierint
632 3001 673 3065 ad
699 3023 803 3067 unum
837 3005 948 3068 omnia
974 3026 1082 3088 neque
1110 3026 1152 3070 ex
1179 3004 1358 3088 praeclaris
1387 3003 1577 3088 Tryphonis
1605 3001 1723 3066 studiis
1752 3000 1846 3095 quid-
1950 3071 1954 3076 ,

270 3128 369 3190 quam
392 3111 537 3191 supersit
559 3117 692 3193 praeter
715 3113 860 3196 quinque
887 3113 979 3180 locos
1007 3137 1090 3198 quos
1113 3116 1153 3178 A.
1177 3113 1356 3179 deVelsen
1384 3113 1582 3195 collegit4⁰):
1609 3111 1716 3194 qualis
1738 3111 1847 3175 Hero-

269 3217 359 3282 diani
386 3219 488 3284 fuerit
514 3219 678 3298 doctrina,
712 3230 789 3305 post
820 3225 971 3309 egregias
997 3225 1039 3290 A.
1066 3225 1199 3290 Lentuii
1226 3245 1322 3290 curas
1348 3224 1416 3288 iam
1443 3226 1628 3289 accuratius
1655 3221 1845 3305 perspicere

267 3329 354 3394 licet.
403 3331 454 3396 Ac
476 3352 552 3396 cum
575 3333 640 3400 viri
660 3333 751 3399 docti
776 3332 869 3412 liber,
903 3359 967 3420 quo
990 3335 1185 3413 ,Herodiani
1211 3335 1355 3400 technici
1381 3334 1553 3416 reliquiae‘
1576 3332 1733 3398 collectae
1757 3338 1845 3407 sunt,

268 3441 364 3505 facile
398 3443 547 3507 omnium
580 3444 698 3524 quiin
726 3444 788 3512 hoc
815 3445 1001 3512 studiorum
1028 3469 1134 3531 genus
1171 3446 1369 3512 incumbunt
1405 3444 1559 3510 manibus
1587 3448 1728 3518 teratur,
1763 3443 1847 3508 satis

268 3551 373 3616 babeo
397 3573 439 3616 ex
461 3553 667 3635 praefatione
694 3555 852 3642 illius⁴¹),
880 3565 1042 3640 quantum
1069 3579 1153 3642 opus
1181 3565 1232 3624 est
1259 3556 1300 3622 ad
1327 3553 1591 3639 cognoscendam
1617 3553 1846 3629 mutationem,

268 3683 368 3744 quam
394 3661 454 3726 illa
480 3661 633 3728 doctrina
659 3667 883 3748 posteriorum
910 3669 1204 3751 grammaticorum
1231 3687 1332 3750 opera
1360 3666 1513 3740 subierit,
1541 3664 1603 3728 hoc
1632 3663 1704 3728 loco
1734 3684 1847 3730 excer-

267 3771 384 3854 psisse.
408 3793 469 3839 sex
489 3774 602 3858 igitur,
626 3776 682 3854 ait,
705 3776 793 3860 apud
815 3778 1044 3844 Herodianum
1067 3801 1140 3844 esse
1163 3777 1375 3842 affectionum
1398 3795 1534 3859 genera:
1559 3773 1790 3858 pleonasmum
1813 3780 1846 3836 et

268 3881 421 3966 ellipsim,
445 3883 621 3950 diaeresim
644 3893 678 3952 et
700 3890 915 3972 synaeresim,
940 3901 1068 3974 tropen,
1091 3887 1330 3974 hyperthesim,
1355 3886 1412 3952 sed
1434 3885 1695 3968 uniuscuiusque
1717 3881 1847 3968 generis

267 3993 378 4058 varias
401 4014 475 4059 esse
498 3996 639 4079 species:
668 3997 809 4064 eandem
831 4000 1042 4066 affectionem
1065 3999 1290 4084 compluribus
1314 3997 1496 4081 significari
1518 3995 1704 4062 vocabulis:
1732 3994 1845 4075 singu-

266 4102 375 4168 lorum
396 4105 620 4172 terminorum
641 4109 794 4175 notiones
810 4131 878 4176 non
894 4131 1026 4195 semper
1042 4111 1167 4177 eisdem
1190 4109 1309 4194 quibus
1324 4115 1443 4194 postea
1463 4106 1587 4172 finibus
1610 4101 1844 4177 circumscribi,

267 4213 361 4281 velut
383 4236 552 4300 syncopen
574 4239 634 4301 pro
658 4239 813 4304 apocope,
838 4221 896 4286 sed
917 4243 986 4287 non
1007 4222 1090 4288 item
1113 4241 1283 4305 apocopen
1304 4241 1366 4304 pro
1390 4239 1536 4306 syncope
1559 4211 1723 4296 usurpari,
1746 4214 1846 4296 κρᾶσιν

267 4331 301 4389 et
323 4327 484 4411 συναίρεσιν
508 4349 528 4392 a
549 4329 800 4408 recentioribus,
828 4332 923 4398 velut
938 4353 957 4397 a
973 4332 1203 4398 Ohoerobosco
1221 4328 1326 4409 157,1‚
1349 4329 1528 4414 diligenter
1548 4328 1636 4392 inter
1664 4343 1699 4387 se
1722 4321 1849 4386 disiun-
1900 4331 1911 4344 ‘

266 4443 336 4502 ctas
364 4438 551 4520 promiscue
577 4441 671 4522 poni,
699 4443 985 4538 προσχηματιτμόν,
1019 4443 1196 4530 παρέκτασιν
1224 4443 1361 4507 nomina
1392 4440 1541 4507 nondum
1566 4433 1721 4502 inveniri.
1773 4431 1849 4515 Qua

368 4703 400 4768 30)
422 4701 529 4754 Ritschl
546 4717 637 4770 opusc.
655 4703 745 4758 1649.
788 4707 823 4773 ⁴⁰)
851 4707 1004 4776 Tryphonis
1023 4709 1194 4776 grammatici
1212 4705 1392 4759 Alexandrini
1410 4703 1563 4770 fragmenta
1581 4701 1691 4768 collegit
1709 4705 1737 4753 et
1755 4699 1845 4768 dispo-

265 4789 326 4840 suit.
362 4787 757 4852 Ber01.1853,nr.130-134.
795 4791 829 4858 ⁴¹)
853 4810 878 4860 p.
899 4793 1184 4848 LXXXIH-XOVI.
